,store,item,date,sales
0,1,1,2013-01-31,328
1,1,1,2013-02-28,322
2,1,1,2013-03-31,477
3,1,1,2013-04-30,522
4,1,1,2013-05-31,531
5,1,1,2013-06-30,627
6,1,1,2013-07-31,661
7,1,1,2013-08-31,594
8,1,1,2013-09-30,519
9,1,1,2013-10-31,484
10,1,1,2013-11-30,572
11,1,1,2013-12-31,388
12,1,1,2014-01-31,435
13,1,1,2014-02-28,405
14,1,1,2014-03-31,549
15,1,1,2014-04-30,573
16,1,1,2014-05-31,651
17,1,1,2014-06-30,710
18,1,1,2014-07-31,746
19,1,1,2014-08-31,671
20,1,1,2014-09-30,566
21,1,1,2014-10-31,555
22,1,1,2014-11-30,619
23,1,1,2014-12-31,409
24,1,1,2015-01-31,428
25,1,1,2015-02-28,399
26,1,1,2015-03-31,552
27,1,1,2015-04-30,652
28,1,1,2015-05-31,711
29,1,1,2015-06-30,748
30,1,1,2015-07-31,842
31,1,1,2015-08-31,706
32,1,1,2015-09-30,678
33,1,1,2015-10-31,647
34,1,1,2015-11-30,684
35,1,1,2015-12-31,460
36,1,1,2016-01-31,449
37,1,1,2016-02-29,450
38,1,1,2016-03-31,589
39,1,1,2016-04-30,694
40,1,1,2016-05-31,782
41,1,1,2016-06-30,790
42,1,1,2016-07-31,903
43,1,1,2016-08-31,727
44,1,1,2016-09-30,709
45,1,1,2016-10-31,699
46,1,1,2016-11-30,662
47,1,1,2016-12-31,496
48,1,1,2017-01-31,485
49,1,1,2017-02-28,487
50,1,1,2017-03-31,561
51,1,1,2017-04-30,677
52,1,1,2017-05-31,773
53,1,1,2017-06-30,850
54,1,1,2017-07-31,873
55,1,1,2017-08-31,794
56,1,1,2017-09-30,736
57,1,1,2017-10-31,660
58,1,1,2017-11-30,668
59,1,1,2017-12-31,533
60,1,2,2013-01-31,911
61,1,2,2013-02-28,873
62,1,2,2013-03-31,1299
63,1,2,2013-04-30,1316
64,1,2,2013-05-31,1527
65,1,2,2013-06-30,1643
66,1,2,2013-07-31,1743
67,1,2,2013-08-31,1591
68,1,2,2013-09-30,1353
69,1,2,2013-10-31,1330
70,1,2,2013-11-30,1427
71,1,2,2013-12-31,1023
72,1,2,2014-01-31,1116
73,1,2,2014-02-28,1135
74,1,2,2014-03-31,1406
75,1,2,2014-04-30,1645
76,1,2,2014-05-31,1870
77,1,2,2014-06-30,1849
78,1,2,2014-07-31,2039
79,1,2,2014-08-31,1823
80,1,2,2014-09-30,1539
81,1,2,2014-10-31,1506
82,1,2,2014-11-30,1595
83,1,2,2014-12-31,1211
84,1,2,2015-01-31,1114
85,1,2,2015-02-28,1157
86,1,2,2015-03-31,1536
87,1,2,2015-04-30,1700
88,1,2,2015-05-31,1941
89,1,2,2015-06-30,1828
90,1,2,2015-07-31,1967
91,1,2,2015-08-31,1915
92,1,2,2015-09-30,1625
93,1,2,2015-10-31,1622
94,1,2,2015-11-30,1680
95,1,2,2015-12-31,1227
96,1,2,2016-01-31,1248
97,1,2,2016-02-29,1270
98,1,2,2016-03-31,1628
99,1,2,2016-04-30,1791
100,1,2,2016-05-31,2003
101,1,2,2016-06-30,2062
102,1,2,2016-07-31,2387
103,1,2,2016-08-31,2016
104,1,2,2016-09-30,1807
105,1,2,2016-10-31,1806
106,1,2,2016-11-30,1789
107,1,2,2016-12-31,1338
108,1,2,2017-01-31,1202
109,1,2,2017-02-28,1196
110,1,2,2017-03-31,1592
111,1,2,2017-04-30,1951
112,1,2,2017-05-31,2101
113,1,2,2017-06-30,2214
114,1,2,2017-07-31,2370
115,1,2,2017-08-31,2089
116,1,2,2017-09-30,1923
117,1,2,2017-10-31,1748
118,1,2,2017-11-30,1962
119,1,2,2017-12-31,1475
120,1,3,2013-01-31,547
121,1,3,2013-02-28,597
122,1,3,2013-03-31,789
123,1,3,2013-04-30,853
124,1,3,2013-05-31,993
125,1,3,2013-06-30,996
126,1,3,2013-07-31,1105
127,1,3,2013-08-31,996
128,1,3,2013-09-30,891
129,1,3,2013-10-31,776
130,1,3,2013-11-30,900
131,1,3,2013-12-31,657
132,1,3,2014-01-31,654
133,1,3,2014-02-28,674
134,1,3,2014-03-31,885
135,1,3,2014-04-30,973
136,1,3,2014-05-31,1168
137,1,3,2014-06-30,1129
138,1,3,2014-07-31,1204
139,1,3,2014-08-31,1116
140,1,3,2014-09-30,971
141,1,3,2014-10-31,981
142,1,3,2014-11-30,1020
143,1,3,2014-12-31,729
144,1,3,2015-01-31,719
145,1,3,2015-02-28,670
146,1,3,2015-03-31,908
147,1,3,2015-04-30,1058
148,1,3,2015-05-31,1236
149,1,3,2015-06-30,1215
150,1,3,2015-07-31,1325
151,1,3,2015-08-31,1178
152,1,3,2015-09-30,1112
153,1,3,2015-10-31,1041
154,1,3,2015-11-30,1059
155,1,3,2015-12-31,750
156,1,3,2016-01-31,795
157,1,3,2016-02-29,791
158,1,3,2016-03-31,1001
159,1,3,2016-04-30,1113
160,1,3,2016-05-31,1297
161,1,3,2016-06-30,1276
162,1,3,2016-07-31,1443
163,1,3,2016-08-31,1197
164,1,3,2016-09-30,1163
165,1,3,2016-10-31,1076
166,1,3,2016-11-30,1134
167,1,3,2016-12-31,831
168,1,3,2017-01-31,788
169,1,3,2017-02-28,777
170,1,3,2017-03-31,1023
171,1,3,2017-04-30,1207
172,1,3,2017-05-31,1387
173,1,3,2017-06-30,1356
174,1,3,2017-07-31,1501
175,1,3,2017-08-31,1278
176,1,3,2017-09-30,1200
177,1,3,2017-10-31,1100
178,1,3,2017-11-30,1156
179,1,3,2017-12-31,873
180,1,4,2013-01-31,346
181,1,4,2013-02-28,340
182,1,4,2013-03-31,467
183,1,4,2013-04-30,514
184,1,4,2013-05-31,632
185,1,4,2013-06-30,599
186,1,4,2013-07-31,626
187,1,4,2013-08-31,580
188,1,4,2013-09-30,554
189,1,4,2013-10-31,475
190,1,4,2013-11-30,519
191,1,4,2013-12-31,393
192,1,4,2014-01-31,366
193,1,4,2014-02-28,415
194,1,4,2014-03-31,524
195,1,4,2014-04-30,631
196,1,4,2014-05-31,645
197,1,4,2014-06-30,693
198,1,4,2014-07-31,791
199,1,4,2014-08-31,705
200,1,4,2014-09-30,605
201,1,4,2014-10-31,541
202,1,4,2014-11-30,640
203,1,4,2014-12-31,474
204,1,4,2015-01-31,454
205,1,4,2015-02-28,407
206,1,4,2015-03-31,552
207,1,4,2015-04-30,666
208,1,4,2015-05-31,732
209,1,4,2015-06-30,686
210,1,4,2015-07-31,783
211,1,4,2015-08-31,691
212,1,4,2015-09-30,650
213,1,4,2015-10-31,604
214,1,4,2015-11-30,605
215,1,4,2015-12-31,461
216,1,4,2016-01-31,447
217,1,4,2016-02-29,491
218,1,4,2016-03-31,594
219,1,4,2016-04-30,706
220,1,4,2016-05-31,779
221,1,4,2016-06-30,810
222,1,4,2016-07-31,856
223,1,4,2016-08-31,739
224,1,4,2016-09-30,689
225,1,4,2016-10-31,687
226,1,4,2016-11-30,643
227,1,4,2016-12-31,555
228,1,4,2017-01-31,488
229,1,4,2017-02-28,464
230,1,4,2017-03-31,622
231,1,4,2017-04-30,724
232,1,4,2017-05-31,742
233,1,4,2017-06-30,814
234,1,4,2017-07-31,917
235,1,4,2017-08-31,780
236,1,4,2017-09-30,649
237,1,4,2017-10-31,680
238,1,4,2017-11-30,701
239,1,4,2017-12-31,497
240,1,5,2013-01-31,276
241,1,5,2013-02-28,276
242,1,5,2013-03-31,378
243,1,5,2013-04-30,417
244,1,5,2013-05-31,497
245,1,5,2013-06-30,497
246,1,5,2013-07-31,519
247,1,5,2013-08-31,508
248,1,5,2013-09-30,430
249,1,5,2013-10-31,426
250,1,5,2013-11-30,422
251,1,5,2013-12-31,356
252,1,5,2014-01-31,330
253,1,5,2014-02-28,314
254,1,5,2014-03-31,472
255,1,5,2014-04-30,516
256,1,5,2014-05-31,598
257,1,5,2014-06-30,565
258,1,5,2014-07-31,634
259,1,5,2014-08-31,589
260,1,5,2014-09-30,473
261,1,5,2014-10-31,465
262,1,5,2014-11-30,501
263,1,5,2014-12-31,343
264,1,5,2015-01-31,367
265,1,5,2015-02-28,335
266,1,5,2015-03-31,470
267,1,5,2015-04-30,495
268,1,5,2015-05-31,559
269,1,5,2015-06-30,614
270,1,5,2015-07-31,632
271,1,5,2015-08-31,616
272,1,5,2015-09-30,511
273,1,5,2015-10-31,486
274,1,5,2015-11-30,509
275,1,5,2015-12-31,380
276,1,5,2016-01-31,413
277,1,5,2016-02-29,417
278,1,5,2016-03-31,515
279,1,5,2016-04-30,581
280,1,5,2016-05-31,619
281,1,5,2016-06-30,643
282,1,5,2016-07-31,744
283,1,5,2016-08-31,655
284,1,5,2016-09-30,584
285,1,5,2016-10-31,565
286,1,5,2016-11-30,559
287,1,5,2016-12-31,440
288,1,5,2017-01-31,407
289,1,5,2017-02-28,432
290,1,5,2017-03-31,512
291,1,5,2017-04-30,633
292,1,5,2017-05-31,653
293,1,5,2017-06-30,686
294,1,5,2017-07-31,699
295,1,5,2017-08-31,637
296,1,5,2017-09-30,589
297,1,5,2017-10-31,565
298,1,5,2017-11-30,575
299,1,5,2017-12-31,436
300,1,6,2013-01-31,910
301,1,6,2013-02-28,895
302,1,6,2013-03-31,1233
303,1,6,2013-04-30,1432
304,1,6,2013-05-31,1567
305,1,6,2013-06-30,1620
306,1,6,2013-07-31,1755
307,1,6,2013-08-31,1573
308,1,6,2013-09-30,1413
309,1,6,2013-10-31,1371
310,1,6,2013-11-30,1382
311,1,6,2013-12-31,1031
312,1,6,2014-01-31,1042
313,1,6,2014-02-28,1089
314,1,6,2014-03-31,1460
315,1,6,2014-04-30,1611
316,1,6,2014-05-31,1763
317,1,6,2014-06-30,1811
318,1,6,2014-07-31,2041
319,1,6,2014-08-31,1808
320,1,6,2014-09-30,1599
321,1,6,2014-10-31,1519
322,1,6,2014-11-30,1604
323,1,6,2014-12-31,1151
324,1,6,2015-01-31,1091
325,1,6,2015-02-28,1116
326,1,6,2015-03-31,1464
327,1,6,2015-04-30,1623
328,1,6,2015-05-31,1939
329,1,6,2015-06-30,1852
330,1,6,2015-07-31,2055
331,1,6,2015-08-31,1823
332,1,6,2015-09-30,1675
333,1,6,2015-10-31,1594
334,1,6,2015-11-30,1590
335,1,6,2015-12-31,1228
336,1,6,2016-01-31,1245
337,1,6,2016-02-29,1302
338,1,6,2016-03-31,1706
339,1,6,2016-04-30,1829
340,1,6,2016-05-31,2021
341,1,6,2016-06-30,2018
342,1,6,2016-07-31,2379
343,1,6,2016-08-31,2047
344,1,6,2016-09-30,1836
345,1,6,2016-10-31,1809
346,1,6,2016-11-30,1801
347,1,6,2016-12-31,1382
348,1,6,2017-01-31,1283
349,1,6,2017-02-28,1265
350,1,6,2017-03-31,1732
351,1,6,2017-04-30,1927
352,1,6,2017-05-31,2053
353,1,6,2017-06-30,2047
354,1,6,2017-07-31,2369
355,1,6,2017-08-31,2092
356,1,6,2017-09-30,1838
357,1,6,2017-10-31,1773
358,1,6,2017-11-30,1921
359,1,6,2017-12-31,1484
360,1,7,2013-01-31,931
361,1,7,2013-02-28,941
362,1,7,2013-03-31,1291
363,1,7,2013-04-30,1386
364,1,7,2013-05-31,1626
365,1,7,2013-06-30,1573
366,1,7,2013-07-31,1709
367,1,7,2013-08-31,1562
368,1,7,2013-09-30,1416
369,1,7,2013-10-31,1401
370,1,7,2013-11-30,1422
371,1,7,2013-12-31,1035
372,1,7,2014-01-31,1076
373,1,7,2014-02-28,1004
374,1,7,2014-03-31,1363
375,1,7,2014-04-30,1588
376,1,7,2014-05-31,1793
377,1,7,2014-06-30,1819
378,1,7,2014-07-31,1976
379,1,7,2014-08-31,1824
380,1,7,2014-09-30,1592
381,1,7,2014-10-31,1506
382,1,7,2014-11-30,1581
383,1,7,2014-12-31,1121
384,1,7,2015-01-31,1086
385,1,7,2015-02-28,1111
386,1,7,2015-03-31,1452
387,1,7,2015-04-30,1726
388,1,7,2015-05-31,1930
389,1,7,2015-06-30,1938
390,1,7,2015-07-31,2132
391,1,7,2015-08-31,1881
392,1,7,2015-09-30,1590
393,1,7,2015-10-31,1665
394,1,7,2015-11-30,1665
395,1,7,2015-12-31,1231
396,1,7,2016-01-31,1167
397,1,7,2016-02-29,1228
398,1,7,2016-03-31,1662
399,1,7,2016-04-30,1883
400,1,7,2016-05-31,1978
401,1,7,2016-06-30,2067
402,1,7,2016-07-31,2303
403,1,7,2016-08-31,1944
404,1,7,2016-09-30,1778
405,1,7,2016-10-31,1763
406,1,7,2016-11-30,1801
407,1,7,2016-12-31,1298
408,1,7,2017-01-31,1221
409,1,7,2017-02-28,1246
410,1,7,2017-03-31,1630
411,1,7,2017-04-30,1852
412,1,7,2017-05-31,2056
413,1,7,2017-06-30,2222
414,1,7,2017-07-31,2354
415,1,7,2017-08-31,2017
416,1,7,2017-09-30,1903
417,1,7,2017-10-31,1823
418,1,7,2017-11-30,1857
419,1,7,2017-12-31,1387
420,1,8,2013-01-31,1233
421,1,8,2013-02-28,1231
422,1,8,2013-03-31,1636
423,1,8,2013-04-30,1857
424,1,8,2013-05-31,2102
425,1,8,2013-06-30,2092
426,1,8,2013-07-31,2201
427,1,8,2013-08-31,1975
428,1,8,2013-09-30,1868
429,1,8,2013-10-31,1734
430,1,8,2013-11-30,1848
431,1,8,2013-12-31,1335
432,1,8,2014-01-31,1402
433,1,8,2014-02-28,1460
434,1,8,2014-03-31,1832
435,1,8,2014-04-30,2103
436,1,8,2014-05-31,2264
437,1,8,2014-06-30,2460
438,1,8,2014-07-31,2578
439,1,8,2014-08-31,2301
440,1,8,2014-09-30,2128
441,1,8,2014-10-31,2060
442,1,8,2014-11-30,2191
443,1,8,2014-12-31,1500
444,1,8,2015-01-31,1495
445,1,8,2015-02-28,1443
446,1,8,2015-03-31,2003
447,1,8,2015-04-30,2179
448,1,8,2015-05-31,2335
449,1,8,2015-06-30,2524
450,1,8,2015-07-31,2702
451,1,8,2015-08-31,2455
452,1,8,2015-09-30,2199
453,1,8,2015-10-31,2109
454,1,8,2015-11-30,2162
455,1,8,2015-12-31,1694
456,1,8,2016-01-31,1602
457,1,8,2016-02-29,1673
458,1,8,2016-03-31,2172
459,1,8,2016-04-30,2428
460,1,8,2016-05-31,2611
461,1,8,2016-06-30,2678
462,1,8,2016-07-31,3032
463,1,8,2016-08-31,2587
464,1,8,2016-09-30,2317
465,1,8,2016-10-31,2319
466,1,8,2016-11-30,2296
467,1,8,2016-12-31,1859
468,1,8,2017-01-31,1616
469,1,8,2017-02-28,1600
470,1,8,2017-03-31,2199
471,1,8,2017-04-30,2496
472,1,8,2017-05-31,2708
473,1,8,2017-06-30,2937
474,1,8,2017-07-31,3045
475,1,8,2017-08-31,2735
476,1,8,2017-09-30,2547
477,1,8,2017-10-31,2378
478,1,8,2017-11-30,2458
479,1,8,2017-12-31,1872
480,1,9,2013-01-31,787
481,1,9,2013-02-28,808
482,1,9,2013-03-31,1144
483,1,9,2013-04-30,1205
484,1,9,2013-05-31,1366
485,1,9,2013-06-30,1444
486,1,9,2013-07-31,1547
487,1,9,2013-08-31,1368
488,1,9,2013-09-30,1237
489,1,9,2013-10-31,1162
490,1,9,2013-11-30,1237
491,1,9,2013-12-31,896
492,1,9,2014-01-31,907
493,1,9,2014-02-28,927
494,1,9,2014-03-31,1267
495,1,9,2014-04-30,1376
496,1,9,2014-05-31,1610
497,1,9,2014-06-30,1604
498,1,9,2014-07-31,1758
499,1,9,2014-08-31,1542
500,1,9,2014-09-30,1406
501,1,9,2014-10-31,1337
502,1,9,2014-11-30,1444
503,1,9,2014-12-31,1043
504,1,9,2015-01-31,1022
505,1,9,2015-02-28,929
506,1,9,2015-03-31,1266
507,1,9,2015-04-30,1496
508,1,9,2015-05-31,1674
509,1,9,2015-06-30,1725
510,1,9,2015-07-31,1875
511,1,9,2015-08-31,1621
512,1,9,2015-09-30,1436
513,1,9,2015-10-31,1457
514,1,9,2015-11-30,1417
515,1,9,2015-12-31,1071
516,1,9,2016-01-31,1038
517,1,9,2016-02-29,1146
518,1,9,2016-03-31,1379
519,1,9,2016-04-30,1665
520,1,9,2016-05-31,1812
521,1,9,2016-06-30,1803
522,1,9,2016-07-31,2001
523,1,9,2016-08-31,1820
524,1,9,2016-09-30,1627
525,1,9,2016-10-31,1590
526,1,9,2016-11-30,1562
527,1,9,2016-12-31,1137
528,1,9,2017-01-31,1106
529,1,9,2017-02-28,1158
530,1,9,2017-03-31,1452
531,1,9,2017-04-30,1673
532,1,9,2017-05-31,1731
533,1,9,2017-06-30,1831
534,1,9,2017-07-31,2101
535,1,9,2017-08-31,1841
536,1,9,2017-09-30,1707
537,1,9,2017-10-31,1520
538,1,9,2017-11-30,1615
539,1,9,2017-12-31,1192
540,1,10,2013-01-31,1121
541,1,10,2013-02-28,1132
542,1,10,2013-03-31,1599
543,1,10,2013-04-30,1717
544,1,10,2013-05-31,1825
545,1,10,2013-06-30,2031
546,1,10,2013-07-31,2083
547,1,10,2013-08-31,1894
548,1,10,2013-09-30,1761
549,1,10,2013-10-31,1795
550,1,10,2013-11-30,1771
551,1,10,2013-12-31,1259
552,1,10,2014-01-31,1375
553,1,10,2014-02-28,1372
554,1,10,2014-03-31,1767
555,1,10,2014-04-30,1996
556,1,10,2014-05-31,2230
557,1,10,2014-06-30,2223
558,1,10,2014-07-31,2503
559,1,10,2014-08-31,2288
560,1,10,2014-09-30,2047
561,1,10,2014-10-31,1946
562,1,10,2014-11-30,2118
563,1,10,2014-12-31,1439
564,1,10,2015-01-31,1450
565,1,10,2015-02-28,1357
566,1,10,2015-03-31,1814
567,1,10,2015-04-30,2060
568,1,10,2015-05-31,2447
569,1,10,2015-06-30,2416
570,1,10,2015-07-31,2604
571,1,10,2015-08-31,2378
572,1,10,2015-09-30,2112
573,1,10,2015-10-31,2054
574,1,10,2015-11-30,2053
575,1,10,2015-12-31,1519
576,1,10,2016-01-31,1566
577,1,10,2016-02-29,1572
578,1,10,2016-03-31,2025
579,1,10,2016-04-30,2313
580,1,10,2016-05-31,2505
581,1,10,2016-06-30,2504
582,1,10,2016-07-31,2882
583,1,10,2016-08-31,2446
584,1,10,2016-09-30,2232
585,1,10,2016-10-31,2140
586,1,10,2016-11-30,2262
587,1,10,2016-12-31,1667
588,1,10,2017-01-31,1644
589,1,10,2017-02-28,1551
590,1,10,2017-03-31,2074
591,1,10,2017-04-30,2466
592,1,10,2017-05-31,2594
593,1,10,2017-06-30,2644
594,1,10,2017-07-31,2975
595,1,10,2017-08-31,2724
596,1,10,2017-09-30,2369
597,1,10,2017-10-31,2202
598,1,10,2017-11-30,2448
599,1,10,2017-12-31,1802
600,1,11,2013-01-31,1093
601,1,11,2013-02-28,1158
602,1,11,2013-03-31,1488
603,1,11,2013-04-30,1694
604,1,11,2013-05-31,1851
605,1,11,2013-06-30,1937
606,1,11,2013-07-31,2046
607,1,11,2013-08-31,1902
608,1,11,2013-09-30,1697
609,1,11,2013-10-31,1609
610,1,11,2013-11-30,1623
611,1,11,2013-12-31,1271
612,1,11,2014-01-31,1316
613,1,11,2014-02-28,1287
614,1,11,2014-03-31,1785
615,1,11,2014-04-30,1916
616,1,11,2014-05-31,2130
617,1,11,2014-06-30,2178
618,1,11,2014-07-31,2361
619,1,11,2014-08-31,2146
620,1,11,2014-09-30,1927
621,1,11,2014-10-31,1830
622,1,11,2014-11-30,1818
623,1,11,2014-12-31,1365
624,1,11,2015-01-31,1333
625,1,11,2015-02-28,1330
626,1,11,2015-03-31,1722
627,1,11,2015-04-30,2011
628,1,11,2015-05-31,2202
629,1,11,2015-06-30,2259
630,1,11,2015-07-31,2587
631,1,11,2015-08-31,2197
632,1,11,2015-09-30,1982
633,1,11,2015-10-31,1910
634,1,11,2015-11-30,1978
635,1,11,2015-12-31,1485
636,1,11,2016-01-31,1487
637,1,11,2016-02-29,1464
638,1,11,2016-03-31,1927
639,1,11,2016-04-30,2140
640,1,11,2016-05-31,2344
641,1,11,2016-06-30,2395
642,1,11,2016-07-31,2793
643,1,11,2016-08-31,2307
644,1,11,2016-09-30,2125
645,1,11,2016-10-31,2156
646,1,11,2016-11-30,2230
647,1,11,2016-12-31,1589
648,1,11,2017-01-31,1490
649,1,11,2017-02-28,1494
650,1,11,2017-03-31,1956
651,1,11,2017-04-30,2317
652,1,11,2017-05-31,2471
653,1,11,2017-06-30,2460
654,1,11,2017-07-31,2884
655,1,11,2017-08-31,2569
656,1,11,2017-09-30,2286
657,1,11,2017-10-31,2214
658,1,11,2017-11-30,2273
659,1,11,2017-12-31,1641
660,1,12,2013-01-31,1128
661,1,12,2013-02-28,1080
662,1,12,2013-03-31,1490
663,1,12,2013-04-30,1613
664,1,12,2013-05-31,1822
665,1,12,2013-06-30,1881
666,1,12,2013-07-31,2155
667,1,12,2013-08-31,1931
668,1,12,2013-09-30,1663
669,1,12,2013-10-31,1524
670,1,12,2013-11-30,1735
671,1,12,2013-12-31,1277
672,1,12,2014-01-31,1309
673,1,12,2014-02-28,1252
674,1,12,2014-03-31,1711
675,1,12,2014-04-30,1959
676,1,12,2014-05-31,2106
677,1,12,2014-06-30,2206
678,1,12,2014-07-31,2310
679,1,12,2014-08-31,2146
680,1,12,2014-09-30,1811
681,1,12,2014-10-31,1820
682,1,12,2014-11-30,1977
683,1,12,2014-12-31,1385
684,1,12,2015-01-31,1376
685,1,12,2015-02-28,1318
686,1,12,2015-03-31,1811
687,1,12,2015-04-30,1968
688,1,12,2015-05-31,2286
689,1,12,2015-06-30,2251
690,1,12,2015-07-31,2547
691,1,12,2015-08-31,2208
692,1,12,2015-09-30,2053
693,1,12,2015-10-31,1881
694,1,12,2015-11-30,2046
695,1,12,2015-12-31,1405
696,1,12,2016-01-31,1375
697,1,12,2016-02-29,1435
698,1,12,2016-03-31,1924
699,1,12,2016-04-30,2163
700,1,12,2016-05-31,2340
701,1,12,2016-06-30,2443
702,1,12,2016-07-31,2781
703,1,12,2016-08-31,2424
704,1,12,2016-09-30,2222
705,1,12,2016-10-31,2097
706,1,12,2016-11-30,2121
707,1,12,2016-12-31,1556
708,1,12,2017-01-31,1463
709,1,12,2017-02-28,1488
710,1,12,2017-03-31,1955
711,1,12,2017-04-30,2373
712,1,12,2017-05-31,2467
713,1,12,2017-06-30,2638
714,1,12,2017-07-31,2948
715,1,12,2017-08-31,2464
716,1,12,2017-09-30,2268
717,1,12,2017-10-31,2113
718,1,12,2017-11-30,2277
719,1,12,2017-12-31,1689
720,1,13,2013-01-31,1308
721,1,13,2013-02-28,1341
722,1,13,2013-03-31,1858
723,1,13,2013-04-30,1894
724,1,13,2013-05-31,2244
725,1,13,2013-06-30,2332
726,1,13,2013-07-31,2456
727,1,13,2013-08-31,2173
728,1,13,2013-09-30,2014
729,1,13,2013-10-31,1967
730,1,13,2013-11-30,1983
731,1,13,2013-12-31,1487
732,1,13,2014-01-31,1538
733,1,13,2014-02-28,1527
734,1,13,2014-03-31,2050
735,1,13,2014-04-30,2239
736,1,13,2014-05-31,2634
737,1,13,2014-06-30,2717
738,1,13,2014-07-31,2829
739,1,13,2014-08-31,2518
740,1,13,2014-09-30,2306
741,1,13,2014-10-31,2244
742,1,13,2014-11-30,2427
743,1,13,2014-12-31,1670
744,1,13,2015-01-31,1514
745,1,13,2015-02-28,1583
746,1,13,2015-03-31,2070
747,1,13,2015-04-30,2374
748,1,13,2015-05-31,2696
749,1,13,2015-06-30,2750
750,1,13,2015-07-31,3026
751,1,13,2015-08-31,2763
752,1,13,2015-09-30,2318
753,1,13,2015-10-31,2407
754,1,13,2015-11-30,2449
755,1,13,2015-12-31,1848
756,1,13,2016-01-31,1807
757,1,13,2016-02-29,1823
758,1,13,2016-03-31,2300
759,1,13,2016-04-30,2608
760,1,13,2016-05-31,2928
761,1,13,2016-06-30,3018
762,1,13,2016-07-31,3213
763,1,13,2016-08-31,2819
764,1,13,2016-09-30,2680
765,1,13,2016-10-31,2509
766,1,13,2016-11-30,2654
767,1,13,2016-12-31,1934
768,1,13,2017-01-31,1757
769,1,13,2017-02-28,1854
770,1,13,2017-03-31,2406
771,1,13,2017-04-30,2786
772,1,13,2017-05-31,2934
773,1,13,2017-06-30,3036
774,1,13,2017-07-31,3376
775,1,13,2017-08-31,3057
776,1,13,2017-09-30,2715
777,1,13,2017-10-31,2595
778,1,13,2017-11-30,2666
779,1,13,2017-12-31,2038
780,1,14,2013-01-31,906
781,1,14,2013-02-28,991
782,1,14,2013-03-31,1219
783,1,14,2013-04-30,1385
784,1,14,2013-05-31,1540
785,1,14,2013-06-30,1551
786,1,14,2013-07-31,1789
787,1,14,2013-08-31,1550
788,1,14,2013-09-30,1362
789,1,14,2013-10-31,1367
790,1,14,2013-11-30,1341
791,1,14,2013-12-31,1085
792,1,14,2014-01-31,1010
793,1,14,2014-02-28,1132
794,1,14,2014-03-31,1488
795,1,14,2014-04-30,1640
796,1,14,2014-05-31,1737
797,1,14,2014-06-30,1850
798,1,14,2014-07-31,1970
799,1,14,2014-08-31,1832
800,1,14,2014-09-30,1647
801,1,14,2014-10-31,1515
802,1,14,2014-11-30,1606
803,1,14,2014-12-31,1216
804,1,14,2015-01-31,1113
805,1,14,2015-02-28,1142
806,1,14,2015-03-31,1505
807,1,14,2015-04-30,1676
808,1,14,2015-05-31,1872
809,1,14,2015-06-30,1892
810,1,14,2015-07-31,2156
811,1,14,2015-08-31,1904
812,1,14,2015-09-30,1691
813,1,14,2015-10-31,1594
814,1,14,2015-11-30,1682
815,1,14,2015-12-31,1233
816,1,14,2016-01-31,1234
817,1,14,2016-02-29,1284
818,1,14,2016-03-31,1594
819,1,14,2016-04-30,1838
820,1,14,2016-05-31,1954
821,1,14,2016-06-30,2110
822,1,14,2016-07-31,2209
823,1,14,2016-08-31,2076
824,1,14,2016-09-30,1862
825,1,14,2016-10-31,1745
826,1,14,2016-11-30,1806
827,1,14,2016-12-31,1366
828,1,14,2017-01-31,1175
829,1,14,2017-02-28,1280
830,1,14,2017-03-31,1615
831,1,14,2017-04-30,1896
832,1,14,2017-05-31,2078
833,1,14,2017-06-30,2150
834,1,14,2017-07-31,2437
835,1,14,2017-08-31,2095
836,1,14,2017-09-30,1934
837,1,14,2017-10-31,1778
838,1,14,2017-11-30,1933
839,1,14,2017-12-31,1412
840,1,15,2013-01-31,1354
841,1,15,2013-02-28,1383
842,1,15,2013-03-31,1843
843,1,15,2013-04-30,2099
844,1,15,2013-05-31,2360
845,1,15,2013-06-30,2494
846,1,15,2013-07-31,2571
847,1,15,2013-08-31,2326
848,1,15,2013-09-30,2076
849,1,15,2013-10-31,1977
850,1,15,2013-11-30,2089
851,1,15,2013-12-31,1529
852,1,15,2014-01-31,1556
853,1,15,2014-02-28,1661
854,1,15,2014-03-31,2118
855,1,15,2014-04-30,2398
856,1,15,2014-05-31,2743
857,1,15,2014-06-30,2802
858,1,15,2014-07-31,3047
859,1,15,2014-08-31,2618
860,1,15,2014-09-30,2417
861,1,15,2014-10-31,2198
862,1,15,2014-11-30,2441
863,1,15,2014-12-31,1802
864,1,15,2015-01-31,1658
865,1,15,2015-02-28,1666
866,1,15,2015-03-31,2229
867,1,15,2015-04-30,2577
868,1,15,2015-05-31,2837
869,1,15,2015-06-30,2866
870,1,15,2015-07-31,3203
871,1,15,2015-08-31,2826
872,1,15,2015-09-30,2533
873,1,15,2015-10-31,2385
874,1,15,2015-11-30,2451
875,1,15,2015-12-31,1773
876,1,15,2016-01-31,1924
877,1,15,2016-02-29,1916
878,1,15,2016-03-31,2395
879,1,15,2016-04-30,2760
880,1,15,2016-05-31,3069
881,1,15,2016-06-30,3043
882,1,15,2016-07-31,3564
883,1,15,2016-08-31,2946
884,1,15,2016-09-30,2737
885,1,15,2016-10-31,2588
886,1,15,2016-11-30,2740
887,1,15,2016-12-31,1983
888,1,15,2017-01-31,2015
889,1,15,2017-02-28,1934
890,1,15,2017-03-31,2466
891,1,15,2017-04-30,2880
892,1,15,2017-05-31,3084
893,1,15,2017-06-30,3231
894,1,15,2017-07-31,3553
895,1,15,2017-08-31,3201
896,1,15,2017-09-30,2813
897,1,15,2017-10-31,2742
898,1,15,2017-11-30,2865
899,1,15,2017-12-31,2142
900,1,16,2013-01-31,382
901,1,16,2013-02-28,409
902,1,16,2013-03-31,524
903,1,16,2013-04-30,640
904,1,16,2013-05-31,722
905,1,16,2013-06-30,694
906,1,16,2013-07-31,767
907,1,16,2013-08-31,709
908,1,16,2013-09-30,589
909,1,16,2013-10-31,562
910,1,16,2013-11-30,623
911,1,16,2013-12-31,452
912,1,16,2014-01-31,446
913,1,16,2014-02-28,494
914,1,16,2014-03-31,630
915,1,16,2014-04-30,718
916,1,16,2014-05-31,833
917,1,16,2014-06-30,786
918,1,16,2014-07-31,864
919,1,16,2014-08-31,791
920,1,16,2014-09-30,697
921,1,16,2014-10-31,731
922,1,16,2014-11-30,708
923,1,16,2014-12-31,505
924,1,16,2015-01-31,470
925,1,16,2015-02-28,510
926,1,16,2015-03-31,641
927,1,16,2015-04-30,748
928,1,16,2015-05-31,829
929,1,16,2015-06-30,838
930,1,16,2015-07-31,984
931,1,16,2015-08-31,828
932,1,16,2015-09-30,785
933,1,16,2015-10-31,693
934,1,16,2015-11-30,763
935,1,16,2015-12-31,540
936,1,16,2016-01-31,521
937,1,16,2016-02-29,529
938,1,16,2016-03-31,731
939,1,16,2016-04-30,810
940,1,16,2016-05-31,904
941,1,16,2016-06-30,941
942,1,16,2016-07-31,981
943,1,16,2016-08-31,839
944,1,16,2016-09-30,804
945,1,16,2016-10-31,721
946,1,16,2016-11-30,823
947,1,16,2016-12-31,580
948,1,16,2017-01-31,527
949,1,16,2017-02-28,593
950,1,16,2017-03-31,745
951,1,16,2017-04-30,839
952,1,16,2017-05-31,881
953,1,16,2017-06-30,935
954,1,16,2017-07-31,1028
955,1,16,2017-08-31,933
956,1,16,2017-09-30,833
957,1,16,2017-10-31,754
958,1,16,2017-11-30,838
959,1,16,2017-12-31,610
960,1,17,2013-01-31,561
961,1,17,2013-02-28,519
962,1,17,2013-03-31,730
963,1,17,2013-04-30,781
964,1,17,2013-05-31,854
965,1,17,2013-06-30,950
966,1,17,2013-07-31,1050
967,1,17,2013-08-31,910
968,1,17,2013-09-30,809
969,1,17,2013-10-31,767
970,1,17,2013-11-30,793
971,1,17,2013-12-31,562
972,1,17,2014-01-31,632
973,1,17,2014-02-28,599
974,1,17,2014-03-31,796
975,1,17,2014-04-30,896
976,1,17,2014-05-31,1039
977,1,17,2014-06-30,1089
978,1,17,2014-07-31,1065
979,1,17,2014-08-31,1059
980,1,17,2014-09-30,937
981,1,17,2014-10-31,846
982,1,17,2014-11-30,887
983,1,17,2014-12-31,667
984,1,17,2015-01-31,625
985,1,17,2015-02-28,641
986,1,17,2015-03-31,784
987,1,17,2015-04-30,950
988,1,17,2015-05-31,991
989,1,17,2015-06-30,1029
990,1,17,2015-07-31,1222
991,1,17,2015-08-31,1087
992,1,17,2015-09-30,989
993,1,17,2015-10-31,910
994,1,17,2015-11-30,921
995,1,17,2015-12-31,696
996,1,17,2016-01-31,675
997,1,17,2016-02-29,672
998,1,17,2016-03-31,884
999,1,17,2016-04-30,1023
1000,1,17,2016-05-31,1172
1001,1,17,2016-06-30,1159
1002,1,17,2016-07-31,1321
1003,1,17,2016-08-31,1173
1004,1,17,2016-09-30,1065
1005,1,17,2016-10-31,1006
1006,1,17,2016-11-30,1026
1007,1,17,2016-12-31,754
1008,1,17,2017-01-31,677
1009,1,17,2017-02-28,722
1010,1,17,2017-03-31,935
1011,1,17,2017-04-30,1107
1012,1,17,2017-05-31,1144
1013,1,17,2017-06-30,1172
1014,1,17,2017-07-31,1304
1015,1,17,2017-08-31,1184
1016,1,17,2017-09-30,1073
1017,1,17,2017-10-31,1024
1018,1,17,2017-11-30,1024
1019,1,17,2017-12-31,790
1020,1,18,2013-01-31,1336
1021,1,18,2013-02-28,1330
1022,1,18,2013-03-31,1738
1023,1,18,2013-04-30,2013
1024,1,18,2013-05-31,2323
1025,1,18,2013-06-30,2295
1026,1,18,2013-07-31,2511
1027,1,18,2013-08-31,2271
1028,1,18,2013-09-30,2049
1029,1,18,2013-10-31,1832
1030,1,18,2013-11-30,2015
1031,1,18,2013-12-31,1468
1032,1,18,2014-01-31,1549
1033,1,18,2014-02-28,1483
1034,1,18,2014-03-31,2050
1035,1,18,2014-04-30,2280
1036,1,18,2014-05-31,2654
1037,1,18,2014-06-30,2695
1038,1,18,2014-07-31,2879
1039,1,18,2014-08-31,2508
1040,1,18,2014-09-30,2253
1041,1,18,2014-10-31,2240
1042,1,18,2014-11-30,2303
1043,1,18,2014-12-31,1723
1044,1,18,2015-01-31,1646
1045,1,18,2015-02-28,1676
1046,1,18,2015-03-31,2168
1047,1,18,2015-04-30,2339
1048,1,18,2015-05-31,2713
1049,1,18,2015-06-30,2696
1050,1,18,2015-07-31,3048
1051,1,18,2015-08-31,2704
1052,1,18,2015-09-30,2401
1053,1,18,2015-10-31,2426
1054,1,18,2015-11-30,2447
1055,1,18,2015-12-31,1702
1056,1,18,2016-01-31,1728
1057,1,18,2016-02-29,1839
1058,1,18,2016-03-31,2212
1059,1,18,2016-04-30,2711
1060,1,18,2016-05-31,2905
1061,1,18,2016-06-30,3044
1062,1,18,2016-07-31,3382
1063,1,18,2016-08-31,2821
1064,1,18,2016-09-30,2663
1065,1,18,2016-10-31,2464
1066,1,18,2016-11-30,2595
1067,1,18,2016-12-31,1974
1068,1,18,2017-01-31,1825
1069,1,18,2017-02-28,1711
1070,1,18,2017-03-31,2344
1071,1,18,2017-04-30,2765
1072,1,18,2017-05-31,2973
1073,1,18,2017-06-30,3120
1074,1,18,2017-07-31,3472
1075,1,18,2017-08-31,2973
1076,1,18,2017-09-30,2685
1077,1,18,2017-10-31,2691
1078,1,18,2017-11-30,2694
1079,1,18,2017-12-31,2052
1080,1,19,2013-01-31,620
1081,1,19,2013-02-28,635
1082,1,19,2013-03-31,851
1083,1,19,2013-04-30,903
1084,1,19,2013-05-31,1052
1085,1,19,2013-06-30,1033
1086,1,19,2013-07-31,1247
1087,1,19,2013-08-31,1078
1088,1,19,2013-09-30,944
1089,1,19,2013-10-31,934
1090,1,19,2013-11-30,998
1091,1,19,2013-12-31,702
1092,1,19,2014-01-31,730
1093,1,19,2014-02-28,741
1094,1,19,2014-03-31,983
1095,1,19,2014-04-30,1061
1096,1,19,2014-05-31,1285
1097,1,19,2014-06-30,1278
1098,1,19,2014-07-31,1427
1099,1,19,2014-08-31,1262
1100,1,19,2014-09-30,1110
1101,1,19,2014-10-31,1022
1102,1,19,2014-11-30,1142
1103,1,19,2014-12-31,841
1104,1,19,2015-01-31,724
1105,1,19,2015-02-28,779
1106,1,19,2015-03-31,1013
1107,1,19,2015-04-30,1203
1108,1,19,2015-05-31,1233
1109,1,19,2015-06-30,1281
1110,1,19,2015-07-31,1463
1111,1,19,2015-08-31,1328
1112,1,19,2015-09-30,1168
1113,1,19,2015-10-31,1101
1114,1,19,2015-11-30,1158
1115,1,19,2015-12-31,837
1116,1,19,2016-01-31,896
1117,1,19,2016-02-29,831
1118,1,19,2016-03-31,1054
1119,1,19,2016-04-30,1221
1120,1,19,2016-05-31,1387
1121,1,19,2016-06-30,1424
1122,1,19,2016-07-31,1623
1123,1,19,2016-08-31,1426
1124,1,19,2016-09-30,1279
1125,1,19,2016-10-31,1263
1126,1,19,2016-11-30,1269
1127,1,19,2016-12-31,972
1128,1,19,2017-01-31,864
1129,1,19,2017-02-28,889
1130,1,19,2017-03-31,1107
1131,1,19,2017-04-30,1308
1132,1,19,2017-05-31,1463
1133,1,19,2017-06-30,1501
1134,1,19,2017-07-31,1700
1135,1,19,2017-08-31,1402
1136,1,19,2017-09-30,1370
1137,1,19,2017-10-31,1232
1138,1,19,2017-11-30,1324
1139,1,19,2017-12-31,1000
1140,1,20,2013-01-31,740
1141,1,20,2013-02-28,724
1142,1,20,2013-03-31,1051
1143,1,20,2013-04-30,1134
1144,1,20,2013-05-31,1259
1145,1,20,2013-06-30,1273
1146,1,20,2013-07-31,1384
1147,1,20,2013-08-31,1267
1148,1,20,2013-09-30,1160
1149,1,20,2013-10-31,1070
1150,1,20,2013-11-30,1178
1151,1,20,2013-12-31,861
1152,1,20,2014-01-31,829
1153,1,20,2014-02-28,852
1154,1,20,2014-03-31,1164
1155,1,20,2014-04-30,1316
1156,1,20,2014-05-31,1421
1157,1,20,2014-06-30,1452
1158,1,20,2014-07-31,1610
1159,1,20,2014-08-31,1458
1160,1,20,2014-09-30,1278
1161,1,20,2014-10-31,1305
1162,1,20,2014-11-30,1280
1163,1,20,2014-12-31,975
1164,1,20,2015-01-31,878
1165,1,20,2015-02-28,930
1166,1,20,2015-03-31,1176
1167,1,20,2015-04-30,1324
1168,1,20,2015-05-31,1595
1169,1,20,2015-06-30,1545
1170,1,20,2015-07-31,1683
1171,1,20,2015-08-31,1531
1172,1,20,2015-09-30,1339
1173,1,20,2015-10-31,1304
1174,1,20,2015-11-30,1338
1175,1,20,2015-12-31,992
1176,1,20,2016-01-31,966
1177,1,20,2016-02-29,1008
1178,1,20,2016-03-31,1347
1179,1,20,2016-04-30,1470
1180,1,20,2016-05-31,1569
1181,1,20,2016-06-30,1576
1182,1,20,2016-07-31,1865
1183,1,20,2016-08-31,1679
1184,1,20,2016-09-30,1516
1185,1,20,2016-10-31,1385
1186,1,20,2016-11-30,1431
1187,1,20,2016-12-31,1135
1188,1,20,2017-01-31,1025
1189,1,20,2017-02-28,1061
1190,1,20,2017-03-31,1420
1191,1,20,2017-04-30,1543
1192,1,20,2017-05-31,1659
1193,1,20,2017-06-30,1828
1194,1,20,2017-07-31,1863
1195,1,20,2017-08-31,1646
1196,1,20,2017-09-30,1468
1197,1,20,2017-10-31,1471
1198,1,20,2017-11-30,1518
1199,1,20,2017-12-31,1193
1200,2,1,2013-01-31,486
1201,2,1,2013-02-28,480
1202,2,1,2013-03-31,686
1203,2,1,2013-04-30,743
1204,2,1,2013-05-31,843
1205,2,1,2013-06-30,845
1206,2,1,2013-07-31,911
1207,2,1,2013-08-31,805
1208,2,1,2013-09-30,733
1209,2,1,2013-10-31,736
1210,2,1,2013-11-30,713
1211,2,1,2013-12-31,549
1212,2,1,2014-01-31,564
1213,2,1,2014-02-28,554
1214,2,1,2014-03-31,733
1215,2,1,2014-04-30,774
1216,2,1,2014-05-31,934
1217,2,1,2014-06-30,955
1218,2,1,2014-07-31,1116
1219,2,1,2014-08-31,935
1220,2,1,2014-09-30,872
1221,2,1,2014-10-31,857
1222,2,1,2014-11-30,875
1223,2,1,2014-12-31,640
1224,2,1,2015-01-31,591
1225,2,1,2015-02-28,603
1226,2,1,2015-03-31,821
1227,2,1,2015-04-30,848
1228,2,1,2015-05-31,977
1229,2,1,2015-06-30,1055
1230,2,1,2015-07-31,1175
1231,2,1,2015-08-31,972
1232,2,1,2015-09-30,844
1233,2,1,2015-10-31,934
1234,2,1,2015-11-30,901
1235,2,1,2015-12-31,653
1236,2,1,2016-01-31,650
1237,2,1,2016-02-29,685
1238,2,1,2016-03-31,868
1239,2,1,2016-04-30,996
1240,2,1,2016-05-31,1010
1241,2,1,2016-06-30,1177
1242,2,1,2016-07-31,1235
1243,2,1,2016-08-31,1008
1244,2,1,2016-09-30,964
1245,2,1,2016-10-31,889
1246,2,1,2016-11-30,938
1247,2,1,2016-12-31,728
1248,2,1,2017-01-31,665
1249,2,1,2017-02-28,687
1250,2,1,2017-03-31,842
1251,2,1,2017-04-30,1021
1252,2,1,2017-05-31,1094
1253,2,1,2017-06-30,1134
1254,2,1,2017-07-31,1326
1255,2,1,2017-08-31,1120
1256,2,1,2017-09-30,1000
1257,2,1,2017-10-31,998
1258,2,1,2017-11-30,997
1259,2,1,2017-12-31,700
1260,2,2,2013-01-31,1334
1261,2,2,2013-02-28,1262
1262,2,2,2013-03-31,1775
1263,2,2,2013-04-30,1952
1264,2,2,2013-05-31,2262
1265,2,2,2013-06-30,2313
1266,2,2,2013-07-31,2437
1267,2,2,2013-08-31,2220
1268,2,2,2013-09-30,2021
1269,2,2,2013-10-31,1884
1270,2,2,2013-11-30,1964
1271,2,2,2013-12-31,1518
1272,2,2,2014-01-31,1501
1273,2,2,2014-02-28,1616
1274,2,2,2014-03-31,2047
1275,2,2,2014-04-30,2300
1276,2,2,2014-05-31,2558
1277,2,2,2014-06-30,2563
1278,2,2,2014-07-31,2774
1279,2,2,2014-08-31,2520
1280,2,2,2014-09-30,2218
1281,2,2,2014-10-31,2199
1282,2,2,2014-11-30,2277
1283,2,2,2014-12-31,1699
1284,2,2,2015-01-31,1572
1285,2,2,2015-02-28,1519
1286,2,2,2015-03-31,2072
1287,2,2,2015-04-30,2433
1288,2,2,2015-05-31,2696
1289,2,2,2015-06-30,2756
1290,2,2,2015-07-31,2883
1291,2,2,2015-08-31,2728
1292,2,2,2015-09-30,2383
1293,2,2,2015-10-31,2349
1294,2,2,2015-11-30,2482
1295,2,2,2015-12-31,1829
1296,2,2,2016-01-31,1725
1297,2,2,2016-02-29,1808
1298,2,2,2016-03-31,2294
1299,2,2,2016-04-30,2592
1300,2,2,2016-05-31,2829
1301,2,2,2016-06-30,2909
1302,2,2,2016-07-31,3153
1303,2,2,2016-08-31,2921
1304,2,2,2016-09-30,2660
1305,2,2,2016-10-31,2608
1306,2,2,2016-11-30,2558
1307,2,2,2016-12-31,1837
1308,2,2,2017-01-31,1733
1309,2,2,2017-02-28,1801
1310,2,2,2017-03-31,2379
1311,2,2,2017-04-30,2692
1312,2,2,2017-05-31,2872
1313,2,2,2017-06-30,3101
1314,2,2,2017-07-31,3362
1315,2,2,2017-08-31,2894
1316,2,2,2017-09-30,2713
1317,2,2,2017-10-31,2551
1318,2,2,2017-11-30,2634
1319,2,2,2017-12-31,1986
1320,2,3,2013-01-31,811
1321,2,3,2013-02-28,848
1322,2,3,2013-03-31,1099
1323,2,3,2013-04-30,1224
1324,2,3,2013-05-31,1325
1325,2,3,2013-06-30,1429
1326,2,3,2013-07-31,1583
1327,2,3,2013-08-31,1327
1328,2,3,2013-09-30,1236
1329,2,3,2013-10-31,1159
1330,2,3,2013-11-30,1231
1331,2,3,2013-12-31,893
1332,2,3,2014-01-31,919
1333,2,3,2014-02-28,933
1334,2,3,2014-03-31,1289
1335,2,3,2014-04-30,1412
1336,2,3,2014-05-31,1518
1337,2,3,2014-06-30,1703
1338,2,3,2014-07-31,1806
1339,2,3,2014-08-31,1587
1340,2,3,2014-09-30,1437
1341,2,3,2014-10-31,1347
1342,2,3,2014-11-30,1445
1343,2,3,2014-12-31,1003
1344,2,3,2015-01-31,1034
1345,2,3,2015-02-28,983
1346,2,3,2015-03-31,1239
1347,2,3,2015-04-30,1439
1348,2,3,2015-05-31,1643
1349,2,3,2015-06-30,1709
1350,2,3,2015-07-31,1838
1351,2,3,2015-08-31,1664
1352,2,3,2015-09-30,1483
1353,2,3,2015-10-31,1402
1354,2,3,2015-11-30,1489
1355,2,3,2015-12-31,1129
1356,2,3,2016-01-31,1088
1357,2,3,2016-02-29,1093
1358,2,3,2016-03-31,1436
1359,2,3,2016-04-30,1616
1360,2,3,2016-05-31,1754
1361,2,3,2016-06-30,1857
1362,2,3,2016-07-31,2092
1363,2,3,2016-08-31,1810
1364,2,3,2016-09-30,1532
1365,2,3,2016-10-31,1559
1366,2,3,2016-11-30,1666
1367,2,3,2016-12-31,1232
1368,2,3,2017-01-31,1159
1369,2,3,2017-02-28,1154
1370,2,3,2017-03-31,1500
1371,2,3,2017-04-30,1698
1372,2,3,2017-05-31,1798
1373,2,3,2017-06-30,1932
1374,2,3,2017-07-31,2043
1375,2,3,2017-08-31,1860
1376,2,3,2017-09-30,1649
1377,2,3,2017-10-31,1579
1378,2,3,2017-11-30,1760
1379,2,3,2017-12-31,1325
1380,2,4,2013-01-31,468
1381,2,4,2013-02-28,486
1382,2,4,2013-03-31,655
1383,2,4,2013-04-30,757
1384,2,4,2013-05-31,783
1385,2,4,2013-06-30,886
1386,2,4,2013-07-31,924
1387,2,4,2013-08-31,870
1388,2,4,2013-09-30,766
1389,2,4,2013-10-31,713
1390,2,4,2013-11-30,755
1391,2,4,2013-12-31,527
1392,2,4,2014-01-31,538
1393,2,4,2014-02-28,549
1394,2,4,2014-03-31,738
1395,2,4,2014-04-30,876
1396,2,4,2014-05-31,954
1397,2,4,2014-06-30,1022
1398,2,4,2014-07-31,1079
1399,2,4,2014-08-31,955
1400,2,4,2014-09-30,833
1401,2,4,2014-10-31,803
1402,2,4,2014-11-30,834
1403,2,4,2014-12-31,619
1404,2,4,2015-01-31,575
1405,2,4,2015-02-28,574
1406,2,4,2015-03-31,757
1407,2,4,2015-04-30,952
1408,2,4,2015-05-31,1036
1409,2,4,2015-06-30,1060
1410,2,4,2015-07-31,1105
1411,2,4,2015-08-31,983
1412,2,4,2015-09-30,889
1413,2,4,2015-10-31,884
1414,2,4,2015-11-30,887
1415,2,4,2015-12-31,653
1416,2,4,2016-01-31,664
1417,2,4,2016-02-29,707
1418,2,4,2016-03-31,843
1419,2,4,2016-04-30,956
1420,2,4,2016-05-31,1072
1421,2,4,2016-06-30,1135
1422,2,4,2016-07-31,1201
1423,2,4,2016-08-31,1024
1424,2,4,2016-09-30,961
1425,2,4,2016-10-31,906
1426,2,4,2016-11-30,971
1427,2,4,2016-12-31,721
1428,2,4,2017-01-31,679
1429,2,4,2017-02-28,688
1430,2,4,2017-03-31,889
1431,2,4,2017-04-30,1021
1432,2,4,2017-05-31,1104
1433,2,4,2017-06-30,1183
1434,2,4,2017-07-31,1229
1435,2,4,2017-08-31,1110
1436,2,4,2017-09-30,1025
1437,2,4,2017-10-31,947
1438,2,4,2017-11-30,1002
1439,2,4,2017-12-31,774
1440,2,5,2013-01-31,420
1441,2,5,2013-02-28,412
1442,2,5,2013-03-31,565
1443,2,5,2013-04-30,581
1444,2,5,2013-05-31,686
1445,2,5,2013-06-30,735
1446,2,5,2013-07-31,748
1447,2,5,2013-08-31,682
1448,2,5,2013-09-30,601
1449,2,5,2013-10-31,588
1450,2,5,2013-11-30,615
1451,2,5,2013-12-31,435
1452,2,5,2014-01-31,507
1453,2,5,2014-02-28,463
1454,2,5,2014-03-31,629
1455,2,5,2014-04-30,724
1456,2,5,2014-05-31,877
1457,2,5,2014-06-30,781
1458,2,5,2014-07-31,858
1459,2,5,2014-08-31,768
1460,2,5,2014-09-30,715
1461,2,5,2014-10-31,657
1462,2,5,2014-11-30,726
1463,2,5,2014-12-31,531
1464,2,5,2015-01-31,517
1465,2,5,2015-02-28,500
1466,2,5,2015-03-31,663
1467,2,5,2015-04-30,769
1468,2,5,2015-05-31,785
1469,2,5,2015-06-30,863
1470,2,5,2015-07-31,954
1471,2,5,2015-08-31,794
1472,2,5,2015-09-30,775
1473,2,5,2015-10-31,696
1474,2,5,2015-11-30,740
1475,2,5,2015-12-31,581
1476,2,5,2016-01-31,514
1477,2,5,2016-02-29,562
1478,2,5,2016-03-31,736
1479,2,5,2016-04-30,784
1480,2,5,2016-05-31,910
1481,2,5,2016-06-30,963
1482,2,5,2016-07-31,1060
1483,2,5,2016-08-31,890
1484,2,5,2016-09-30,777
1485,2,5,2016-10-31,763
1486,2,5,2016-11-30,844
1487,2,5,2016-12-31,583
1488,2,5,2017-01-31,586
1489,2,5,2017-02-28,527
1490,2,5,2017-03-31,723
1491,2,5,2017-04-30,847
1492,2,5,2017-05-31,936
1493,2,5,2017-06-30,961
1494,2,5,2017-07-31,1118
1495,2,5,2017-08-31,871
1496,2,5,2017-09-30,813
1497,2,5,2017-10-31,789
1498,2,5,2017-11-30,844
1499,2,5,2017-12-31,643
1500,2,6,2013-01-31,1293
1501,2,6,2013-02-28,1371
1502,2,6,2013-03-31,1774
1503,2,6,2013-04-30,1957
1504,2,6,2013-05-31,2253
1505,2,6,2013-06-30,2290
1506,2,6,2013-07-31,2383
1507,2,6,2013-08-31,2192
1508,2,6,2013-09-30,1977
1509,2,6,2013-10-31,1975
1510,2,6,2013-11-30,2042
1511,2,6,2013-12-31,1482
1512,2,6,2014-01-31,1541
1513,2,6,2014-02-28,1431
1514,2,6,2014-03-31,2074
1515,2,6,2014-04-30,2291
1516,2,6,2014-05-31,2386
1517,2,6,2014-06-30,2614
1518,2,6,2014-07-31,2881
1519,2,6,2014-08-31,2534
1520,2,6,2014-09-30,2234
1521,2,6,2014-10-31,2173
1522,2,6,2014-11-30,2333
1523,2,6,2014-12-31,1669
1524,2,6,2015-01-31,1560
1525,2,6,2015-02-28,1597
1526,2,6,2015-03-31,2026
1527,2,6,2015-04-30,2402
1528,2,6,2015-05-31,2714
1529,2,6,2015-06-30,2653
1530,2,6,2015-07-31,2921
1531,2,6,2015-08-31,2654
1532,2,6,2015-09-30,2288
1533,2,6,2015-10-31,2267
1534,2,6,2015-11-30,2328
1535,2,6,2015-12-31,1703
1536,2,6,2016-01-31,1669
1537,2,6,2016-02-29,1736
1538,2,6,2016-03-31,2280
1539,2,6,2016-04-30,2538
1540,2,6,2016-05-31,2906
1541,2,6,2016-06-30,2966
1542,2,6,2016-07-31,3286
1543,2,6,2016-08-31,2804
1544,2,6,2016-09-30,2593
1545,2,6,2016-10-31,2442
1546,2,6,2016-11-30,2728
1547,2,6,2016-12-31,1922
1548,2,6,2017-01-31,1830
1549,2,6,2017-02-28,1769
1550,2,6,2017-03-31,2379
1551,2,6,2017-04-30,2748
1552,2,6,2017-05-31,2950
1553,2,6,2017-06-30,3069
1554,2,6,2017-07-31,3289
1555,2,6,2017-08-31,2927
1556,2,6,2017-09-30,2668
1557,2,6,2017-10-31,2518
1558,2,6,2017-11-30,2585
1559,2,6,2017-12-31,1985
1560,2,7,2013-01-31,1363
1561,2,7,2013-02-28,1336
1562,2,7,2013-03-31,1775
1563,2,7,2013-04-30,1957
1564,2,7,2013-05-31,2300
1565,2,7,2013-06-30,2316
1566,2,7,2013-07-31,2501
1567,2,7,2013-08-31,2175
1568,2,7,2013-09-30,1962
1569,2,7,2013-10-31,1901
1570,2,7,2013-11-30,2001
1571,2,7,2013-12-31,1400
1572,2,7,2014-01-31,1548
1573,2,7,2014-02-28,1478
1574,2,7,2014-03-31,2044
1575,2,7,2014-04-30,2309
1576,2,7,2014-05-31,2565
1577,2,7,2014-06-30,2566
1578,2,7,2014-07-31,2783
1579,2,7,2014-08-31,2606
1580,2,7,2014-09-30,2217
1581,2,7,2014-10-31,2164
1582,2,7,2014-11-30,2221
1583,2,7,2014-12-31,1643
1584,2,7,2015-01-31,1511
1585,2,7,2015-02-28,1661
1586,2,7,2015-03-31,2148
1587,2,7,2015-04-30,2354
1588,2,7,2015-05-31,2611
1589,2,7,2015-06-30,2724
1590,2,7,2015-07-31,2891
1591,2,7,2015-08-31,2716
1592,2,7,2015-09-30,2361
1593,2,7,2015-10-31,2277
1594,2,7,2015-11-30,2368
1595,2,7,2015-12-31,1686
1596,2,7,2016-01-31,1704
1597,2,7,2016-02-29,1728
1598,2,7,2016-03-31,2255
1599,2,7,2016-04-30,2674
1600,2,7,2016-05-31,2805
1601,2,7,2016-06-30,2989
1602,2,7,2016-07-31,3275
1603,2,7,2016-08-31,2770
1604,2,7,2016-09-30,2630
1605,2,7,2016-10-31,2551
1606,2,7,2016-11-30,2539
1607,2,7,2016-12-31,1895
1608,2,7,2017-01-31,1800
1609,2,7,2017-02-28,1735
1610,2,7,2017-03-31,2407
1611,2,7,2017-04-30,2598
1612,2,7,2017-05-31,2986
1613,2,7,2017-06-30,3033
1614,2,7,2017-07-31,3377
1615,2,7,2017-08-31,3008
1616,2,7,2017-09-30,2658
1617,2,7,2017-10-31,2557
1618,2,7,2017-11-30,2662
1619,2,7,2017-12-31,1982
1620,2,8,2013-01-31,1754
1621,2,8,2013-02-28,1685
1622,2,8,2013-03-31,2281
1623,2,8,2013-04-30,2580
1624,2,8,2013-05-31,2880
1625,2,8,2013-06-30,3065
1626,2,8,2013-07-31,3274
1627,2,8,2013-08-31,2924
1628,2,8,2013-09-30,2641
1629,2,8,2013-10-31,2517
1630,2,8,2013-11-30,2719
1631,2,8,2013-12-31,1913
1632,2,8,2014-01-31,2036
1633,2,8,2014-02-28,1982
1634,2,8,2014-03-31,2658
1635,2,8,2014-04-30,2972
1636,2,8,2014-05-31,3354
1637,2,8,2014-06-30,3465
1638,2,8,2014-07-31,3785
1639,2,8,2014-08-31,3309
1640,2,8,2014-09-30,3013
1641,2,8,2014-10-31,2850
1642,2,8,2014-11-30,3082
1643,2,8,2014-12-31,2156
1644,2,8,2015-01-31,2081
1645,2,8,2015-02-28,2120
1646,2,8,2015-03-31,2791
1647,2,8,2015-04-30,3057
1648,2,8,2015-05-31,3523
1649,2,8,2015-06-30,3563
1650,2,8,2015-07-31,3965
1651,2,8,2015-08-31,3356
1652,2,8,2015-09-30,3210
1653,2,8,2015-10-31,3009
1654,2,8,2015-11-30,3187
1655,2,8,2015-12-31,2371
1656,2,8,2016-01-31,2275
1657,2,8,2016-02-29,2347
1658,2,8,2016-03-31,2962
1659,2,8,2016-04-30,3453
1660,2,8,2016-05-31,3728
1661,2,8,2016-06-30,3966
1662,2,8,2016-07-31,4339
1663,2,8,2016-08-31,3730
1664,2,8,2016-09-30,3383
1665,2,8,2016-10-31,3260
1666,2,8,2016-11-30,3303
1667,2,8,2016-12-31,2547
1668,2,8,2017-01-31,2267
1669,2,8,2017-02-28,2328
1670,2,8,2017-03-31,3096
1671,2,8,2017-04-30,3519
1672,2,8,2017-05-31,3889
1673,2,8,2017-06-30,4053
1674,2,8,2017-07-31,4361
1675,2,8,2017-08-31,3884
1676,2,8,2017-09-30,3501
1677,2,8,2017-10-31,3431
1678,2,8,2017-11-30,3498
1679,2,8,2017-12-31,2691
1680,2,9,2013-01-31,1100
1681,2,9,2013-02-28,1164
1682,2,9,2013-03-31,1598
1683,2,9,2013-04-30,1715
1684,2,9,2013-05-31,1872
1685,2,9,2013-06-30,2102
1686,2,9,2013-07-31,2108
1687,2,9,2013-08-31,1878
1688,2,9,2013-09-30,1707
1689,2,9,2013-10-31,1581
1690,2,9,2013-11-30,1703
1691,2,9,2013-12-31,1288
1692,2,9,2014-01-31,1271
1693,2,9,2014-02-28,1323
1694,2,9,2014-03-31,1782
1695,2,9,2014-04-30,2039
1696,2,9,2014-05-31,2203
1697,2,9,2014-06-30,2275
1698,2,9,2014-07-31,2462
1699,2,9,2014-08-31,2189
1700,2,9,2014-09-30,1954
1701,2,9,2014-10-31,1962
1702,2,9,2014-11-30,1960
1703,2,9,2014-12-31,1456
1704,2,9,2015-01-31,1350
1705,2,9,2015-02-28,1426
1706,2,9,2015-03-31,1860
1707,2,9,2015-04-30,2137
1708,2,9,2015-05-31,2237
1709,2,9,2015-06-30,2339
1710,2,9,2015-07-31,2549
1711,2,9,2015-08-31,2336
1712,2,9,2015-09-30,2094
1713,2,9,2015-10-31,2019
1714,2,9,2015-11-30,2125
1715,2,9,2015-12-31,1533
1716,2,9,2016-01-31,1456
1717,2,9,2016-02-29,1514
1718,2,9,2016-03-31,1979
1719,2,9,2016-04-30,2221
1720,2,9,2016-05-31,2447
1721,2,9,2016-06-30,2607
1722,2,9,2016-07-31,2944
1723,2,9,2016-08-31,2475
1724,2,9,2016-09-30,2294
1725,2,9,2016-10-31,2131
1726,2,9,2016-11-30,2265
1727,2,9,2016-12-31,1596
1728,2,9,2017-01-31,1617
1729,2,9,2017-02-28,1590
1730,2,9,2017-03-31,2062
1731,2,9,2017-04-30,2367
1732,2,9,2017-05-31,2601
1733,2,9,2017-06-30,2600
1734,2,9,2017-07-31,2959
1735,2,9,2017-08-31,2580
1736,2,9,2017-09-30,2299
1737,2,9,2017-10-31,2188
1738,2,9,2017-11-30,2385
1739,2,9,2017-12-31,1689
1740,2,10,2013-01-31,1775
1741,2,10,2013-02-28,1687
1742,2,10,2013-03-31,2214
1743,2,10,2013-04-30,2436
1744,2,10,2013-05-31,2677
1745,2,10,2013-06-30,2774
1746,2,10,2013-07-31,3150
1747,2,10,2013-08-31,2701
1748,2,10,2013-09-30,2516
1749,2,10,2013-10-31,2279
1750,2,10,2013-11-30,2570
1751,2,10,2013-12-31,1825
1752,2,10,2014-01-31,1872
1753,2,10,2014-02-28,1845
1754,2,10,2014-03-31,2510
1755,2,10,2014-04-30,2896
1756,2,10,2014-05-31,3244
1757,2,10,2014-06-30,3289
1758,2,10,2014-07-31,3549
1759,2,10,2014-08-31,3173
1760,2,10,2014-09-30,2852
1761,2,10,2014-10-31,2768
1762,2,10,2014-11-30,2830
1763,2,10,2014-12-31,2083
1764,2,10,2015-01-31,2001
1765,2,10,2015-02-28,2003
1766,2,10,2015-03-31,2639
1767,2,10,2015-04-30,2977
1768,2,10,2015-05-31,3336
1769,2,10,2015-06-30,3246
1770,2,10,2015-07-31,3844
1771,2,10,2015-08-31,3249
1772,2,10,2015-09-30,2957
1773,2,10,2015-10-31,2874
1774,2,10,2015-11-30,2945
1775,2,10,2015-12-31,2157
1776,2,10,2016-01-31,2247
1777,2,10,2016-02-29,2272
1778,2,10,2016-03-31,2849
1779,2,10,2016-04-30,3214
1780,2,10,2016-05-31,3589
1781,2,10,2016-06-30,3587
1782,2,10,2016-07-31,4001
1783,2,10,2016-08-31,3534
1784,2,10,2016-09-30,3320
1785,2,10,2016-10-31,3124
1786,2,10,2016-11-30,3280
1787,2,10,2016-12-31,2316
1788,2,10,2017-01-31,2264
1789,2,10,2017-02-28,2212
1790,2,10,2017-03-31,2895
1791,2,10,2017-04-30,3377
1792,2,10,2017-05-31,3701
1793,2,10,2017-06-30,3910
1794,2,10,2017-07-31,4161
1795,2,10,2017-08-31,3753
1796,2,10,2017-09-30,3440
1797,2,10,2017-10-31,3193
1798,2,10,2017-11-30,3296
1799,2,10,2017-12-31,2544
1800,2,11,2013-01-31,1610
1801,2,11,2013-02-28,1658
1802,2,11,2013-03-31,2092
1803,2,11,2013-04-30,2328
1804,2,11,2013-05-31,2664
1805,2,11,2013-06-30,2739
1806,2,11,2013-07-31,2895
1807,2,11,2013-08-31,2579
1808,2,11,2013-09-30,2390
1809,2,11,2013-10-31,2211
1810,2,11,2013-11-30,2343
1811,2,11,2013-12-31,1727
1812,2,11,2014-01-31,1808
1813,2,11,2014-02-28,1746
1814,2,11,2014-03-31,2393
1815,2,11,2014-04-30,2661
1816,2,11,2014-05-31,2980
1817,2,11,2014-06-30,3198
1818,2,11,2014-07-31,3404
1819,2,11,2014-08-31,2967
1820,2,11,2014-09-30,2562
1821,2,11,2014-10-31,2508
1822,2,11,2014-11-30,2761
1823,2,11,2014-12-31,1921
1824,2,11,2015-01-31,1811
1825,2,11,2015-02-28,1881
1826,2,11,2015-03-31,2551
1827,2,11,2015-04-30,2700
1828,2,11,2015-05-31,3160
1829,2,11,2015-06-30,3225
1830,2,11,2015-07-31,3545
1831,2,11,2015-08-31,3120
1832,2,11,2015-09-30,2731
1833,2,11,2015-10-31,2708
1834,2,11,2015-11-30,2844
1835,2,11,2015-12-31,2062
1836,2,11,2016-01-31,1984
1837,2,11,2016-02-29,2155
1838,2,11,2016-03-31,2750
1839,2,11,2016-04-30,3080
1840,2,11,2016-05-31,3343
1841,2,11,2016-06-30,3507
1842,2,11,2016-07-31,4018
1843,2,11,2016-08-31,3361
1844,2,11,2016-09-30,3101
1845,2,11,2016-10-31,2962
1846,2,11,2016-11-30,3041
1847,2,11,2016-12-31,2250
1848,2,11,2017-01-31,2076
1849,2,11,2017-02-28,2153
1850,2,11,2017-03-31,2829
1851,2,11,2017-04-30,3288
1852,2,11,2017-05-31,3559
1853,2,11,2017-06-30,3708
1854,2,11,2017-07-31,4006
1855,2,11,2017-08-31,3546
1856,2,11,2017-09-30,3224
1857,2,11,2017-10-31,3021
1858,2,11,2017-11-30,3232
1859,2,11,2017-12-31,2403
1860,2,12,2013-01-31,1511
1861,2,12,2013-02-28,1582
1862,2,12,2013-03-31,2067
1863,2,12,2013-04-30,2345
1864,2,12,2013-05-31,2677
1865,2,12,2013-06-30,2702
1866,2,12,2013-07-31,2896
1867,2,12,2013-08-31,2627
1868,2,12,2013-09-30,2352
1869,2,12,2013-10-31,2235
1870,2,12,2013-11-30,2297
1871,2,12,2013-12-31,1747
1872,2,12,2014-01-31,1778
1873,2,12,2014-02-28,1849
1874,2,12,2014-03-31,2511
1875,2,12,2014-04-30,2778
1876,2,12,2014-05-31,3029
1877,2,12,2014-06-30,3170
1878,2,12,2014-07-31,3353
1879,2,12,2014-08-31,3037
1880,2,12,2014-09-30,2711
1881,2,12,2014-10-31,2662
1882,2,12,2014-11-30,2818
1883,2,12,2014-12-31,1915
1884,2,12,2015-01-31,1840
1885,2,12,2015-02-28,1843
1886,2,12,2015-03-31,2457
1887,2,12,2015-04-30,2823
1888,2,12,2015-05-31,3207
1889,2,12,2015-06-30,3220
1890,2,12,2015-07-31,3648
1891,2,12,2015-08-31,3117
1892,2,12,2015-09-30,2724
1893,2,12,2015-10-31,2616
1894,2,12,2015-11-30,2828
1895,2,12,2015-12-31,2116
1896,2,12,2016-01-31,2055
1897,2,12,2016-02-29,2064
1898,2,12,2016-03-31,2679
1899,2,12,2016-04-30,3078
1900,2,12,2016-05-31,3384
1901,2,12,2016-06-30,3589
1902,2,12,2016-07-31,3920
1903,2,12,2016-08-31,3307
1904,2,12,2016-09-30,3079
1905,2,12,2016-10-31,2968
1906,2,12,2016-11-30,2943
1907,2,12,2016-12-31,2310
1908,2,12,2017-01-31,2119
1909,2,12,2017-02-28,2146
1910,2,12,2017-03-31,2723
1911,2,12,2017-04-30,3279
1912,2,12,2017-05-31,3403
1913,2,12,2017-06-30,3744
1914,2,12,2017-07-31,4043
1915,2,12,2017-08-31,3490
1916,2,12,2017-09-30,3163
1917,2,12,2017-10-31,2997
1918,2,12,2017-11-30,3239
1919,2,12,2017-12-31,2344
1920,2,13,2013-01-31,1843
1921,2,13,2013-02-28,1912
1922,2,13,2013-03-31,2653
1923,2,13,2013-04-30,2874
1924,2,13,2013-05-31,3170
1925,2,13,2013-06-30,3310
1926,2,13,2013-07-31,3443
1927,2,13,2013-08-31,3225
1928,2,13,2013-09-30,2938
1929,2,13,2013-10-31,2706
1930,2,13,2013-11-30,2830
1931,2,13,2013-12-31,2096
1932,2,13,2014-01-31,2187
1933,2,13,2014-02-28,2138
1934,2,13,2014-03-31,2923
1935,2,13,2014-04-30,3205
1936,2,13,2014-05-31,3614
1937,2,13,2014-06-30,3788
1938,2,13,2014-07-31,4117
1939,2,13,2014-08-31,3619
1940,2,13,2014-09-30,3245
1941,2,13,2014-10-31,3127
1942,2,13,2014-11-30,3304
1943,2,13,2014-12-31,2354
1944,2,13,2015-01-31,2310
1945,2,13,2015-02-28,2287
1946,2,13,2015-03-31,2970
1947,2,13,2015-04-30,3469
1948,2,13,2015-05-31,3880
1949,2,13,2015-06-30,3768
1950,2,13,2015-07-31,4288
1951,2,13,2015-08-31,3683
1952,2,13,2015-09-30,3352
1953,2,13,2015-10-31,3418
1954,2,13,2015-11-30,3431
1955,2,13,2015-12-31,2528
1956,2,13,2016-01-31,2501
1957,2,13,2016-02-29,2578
1958,2,13,2016-03-31,3264
1959,2,13,2016-04-30,3703
1960,2,13,2016-05-31,4064
1961,2,13,2016-06-30,4202
1962,2,13,2016-07-31,4733
1963,2,13,2016-08-31,4211
1964,2,13,2016-09-30,3626
1965,2,13,2016-10-31,3466
1966,2,13,2016-11-30,3651
1967,2,13,2016-12-31,2722
1968,2,13,2017-01-31,2481
1969,2,13,2017-02-28,2530
1970,2,13,2017-03-31,3488
1971,2,13,2017-04-30,3883
1972,2,13,2017-05-31,4226
1973,2,13,2017-06-30,4392
1974,2,13,2017-07-31,4903
1975,2,13,2017-08-31,4238
1976,2,13,2017-09-30,3922
1977,2,13,2017-10-31,3646
1978,2,13,2017-11-30,3737
1979,2,13,2017-12-31,2859
1980,2,14,2013-01-31,1327
1981,2,14,2013-02-28,1295
1982,2,14,2013-03-31,1798
1983,2,14,2013-04-30,1936
1984,2,14,2013-05-31,2193
1985,2,14,2013-06-30,2260
1986,2,14,2013-07-31,2534
1987,2,14,2013-08-31,2221
1988,2,14,2013-09-30,1965
1989,2,14,2013-10-31,1933
1990,2,14,2013-11-30,1994
1991,2,14,2013-12-31,1509
1992,2,14,2014-01-31,1477
1993,2,14,2014-02-28,1493
1994,2,14,2014-03-31,1982
1995,2,14,2014-04-30,2342
1996,2,14,2014-05-31,2565
1997,2,14,2014-06-30,2592
1998,2,14,2014-07-31,2739
1999,2,14,2014-08-31,2560
2000,2,14,2014-09-30,2176
2001,2,14,2014-10-31,2208
2002,2,14,2014-11-30,2280
2003,2,14,2014-12-31,1673
2004,2,14,2015-01-31,1568
2005,2,14,2015-02-28,1731
2006,2,14,2015-03-31,2076
2007,2,14,2015-04-30,2372
2008,2,14,2015-05-31,2669
2009,2,14,2015-06-30,2713
2010,2,14,2015-07-31,2923
2011,2,14,2015-08-31,2639
2012,2,14,2015-09-30,2354
2013,2,14,2015-10-31,2345
2014,2,14,2015-11-30,2336
2015,2,14,2015-12-31,1818
2016,2,14,2016-01-31,1727
2017,2,14,2016-02-29,1826
2018,2,14,2016-03-31,2265
2019,2,14,2016-04-30,2640
2020,2,14,2016-05-31,2873
2021,2,14,2016-06-30,3005
2022,2,14,2016-07-31,3245
2023,2,14,2016-08-31,2838
2024,2,14,2016-09-30,2592
2025,2,14,2016-10-31,2489
2026,2,14,2016-11-30,2577
2027,2,14,2016-12-31,1931
2028,2,14,2017-01-31,1805
2029,2,14,2017-02-28,1798
2030,2,14,2017-03-31,2436
2031,2,14,2017-04-30,2698
2032,2,14,2017-05-31,2852
2033,2,14,2017-06-30,3037
2034,2,14,2017-07-31,3349
2035,2,14,2017-08-31,2997
2036,2,14,2017-09-30,2715
2037,2,14,2017-10-31,2606
2038,2,14,2017-11-30,2698
2039,2,14,2017-12-31,2012
2040,2,15,2013-01-31,1989
2041,2,15,2013-02-28,2014
2042,2,15,2013-03-31,2651
2043,2,15,2013-04-30,2917
2044,2,15,2013-05-31,3379
2045,2,15,2013-06-30,3458
2046,2,15,2013-07-31,3693
2047,2,15,2013-08-31,3368
2048,2,15,2013-09-30,2973
2049,2,15,2013-10-31,2807
2050,2,15,2013-11-30,2907
2051,2,15,2013-12-31,2196
2052,2,15,2014-01-31,2205
2053,2,15,2014-02-28,2322
2054,2,15,2014-03-31,3090
2055,2,15,2014-04-30,3316
2056,2,15,2014-05-31,3878
2057,2,15,2014-06-30,3975
2058,2,15,2014-07-31,4242
2059,2,15,2014-08-31,3888
2060,2,15,2014-09-30,3413
2061,2,15,2014-10-31,3190
2062,2,15,2014-11-30,3440
2063,2,15,2014-12-31,2454
2064,2,15,2015-01-31,2377
2065,2,15,2015-02-28,2452
2066,2,15,2015-03-31,3236
2067,2,15,2015-04-30,3516
2068,2,15,2015-05-31,3948
2069,2,15,2015-06-30,4047
2070,2,15,2015-07-31,4515
2071,2,15,2015-08-31,3914
2072,2,15,2015-09-30,3485
2073,2,15,2015-10-31,3502
2074,2,15,2015-11-30,3601
2075,2,15,2015-12-31,2549
2076,2,15,2016-01-31,2684
2077,2,15,2016-02-29,2541
2078,2,15,2016-03-31,3437
2079,2,15,2016-04-30,3956
2080,2,15,2016-05-31,4267
2081,2,15,2016-06-30,4343
2082,2,15,2016-07-31,4851
2083,2,15,2016-08-31,4116
2084,2,15,2016-09-30,3885
2085,2,15,2016-10-31,3746
2086,2,15,2016-11-30,3877
2087,2,15,2016-12-31,2811
2088,2,15,2017-01-31,2716
2089,2,15,2017-02-28,2674
2090,2,15,2017-03-31,3469
2091,2,15,2017-04-30,4009
2092,2,15,2017-05-31,4331
2093,2,15,2017-06-30,4610
2094,2,15,2017-07-31,5109
2095,2,15,2017-08-31,4452
2096,2,15,2017-09-30,4010
2097,2,15,2017-10-31,3821
2098,2,15,2017-11-30,3946
2099,2,15,2017-12-31,3001
2100,2,16,2013-01-31,547
2101,2,16,2013-02-28,601
2102,2,16,2013-03-31,760
2103,2,16,2013-04-30,813
2104,2,16,2013-05-31,984
2105,2,16,2013-06-30,1002
2106,2,16,2013-07-31,1030
2107,2,16,2013-08-31,919
2108,2,16,2013-09-30,854
2109,2,16,2013-10-31,818
2110,2,16,2013-11-30,812
2111,2,16,2013-12-31,640
2112,2,16,2014-01-31,701
2113,2,16,2014-02-28,700
2114,2,16,2014-03-31,886
2115,2,16,2014-04-30,969
2116,2,16,2014-05-31,1136
2117,2,16,2014-06-30,1155
2118,2,16,2014-07-31,1287
2119,2,16,2014-08-31,1108
2120,2,16,2014-09-30,959
2121,2,16,2014-10-31,978
2122,2,16,2014-11-30,1056
2123,2,16,2014-12-31,757
2124,2,16,2015-01-31,773
2125,2,16,2015-02-28,698
2126,2,16,2015-03-31,917
2127,2,16,2015-04-30,1097
2128,2,16,2015-05-31,1141
2129,2,16,2015-06-30,1165
2130,2,16,2015-07-31,1299
2131,2,16,2015-08-31,1197
2132,2,16,2015-09-30,1063
2133,2,16,2015-10-31,957
2134,2,16,2015-11-30,1027
2135,2,16,2015-12-31,753
2136,2,16,2016-01-31,749
2137,2,16,2016-02-29,770
2138,2,16,2016-03-31,969
2139,2,16,2016-04-30,1134
2140,2,16,2016-05-31,1299
2141,2,16,2016-06-30,1243
2142,2,16,2016-07-31,1399
2143,2,16,2016-08-31,1232
2144,2,16,2016-09-30,1133
2145,2,16,2016-10-31,1128
2146,2,16,2016-11-30,1125
2147,2,16,2016-12-31,885
2148,2,16,2017-01-31,772
2149,2,16,2017-02-28,818
2150,2,16,2017-03-31,1071
2151,2,16,2017-04-30,1170
2152,2,16,2017-05-31,1250
2153,2,16,2017-06-30,1279
2154,2,16,2017-07-31,1447
2155,2,16,2017-08-31,1319
2156,2,16,2017-09-30,1269
2157,2,16,2017-10-31,1148
2158,2,16,2017-11-30,1188
2159,2,16,2017-12-31,811
2160,2,17,2013-01-31,762
2161,2,17,2013-02-28,777
2162,2,17,2013-03-31,1027
2163,2,17,2013-04-30,1123
2164,2,17,2013-05-31,1324
2165,2,17,2013-06-30,1277
2166,2,17,2013-07-31,1368
2167,2,17,2013-08-31,1213
2168,2,17,2013-09-30,1165
2169,2,17,2013-10-31,1079
2170,2,17,2013-11-30,1128
2171,2,17,2013-12-31,796
2172,2,17,2014-01-31,836
2173,2,17,2014-02-28,808
2174,2,17,2014-03-31,1048
2175,2,17,2014-04-30,1272
2176,2,17,2014-05-31,1461
2177,2,17,2014-06-30,1461
2178,2,17,2014-07-31,1604
2179,2,17,2014-08-31,1493
2180,2,17,2014-09-30,1287
2181,2,17,2014-10-31,1269
2182,2,17,2014-11-30,1340
2183,2,17,2014-12-31,926
2184,2,17,2015-01-31,902
2185,2,17,2015-02-28,957
2186,2,17,2015-03-31,1118
2187,2,17,2015-04-30,1374
2188,2,17,2015-05-31,1620
2189,2,17,2015-06-30,1450
2190,2,17,2015-07-31,1726
2191,2,17,2015-08-31,1532
2192,2,17,2015-09-30,1410
2193,2,17,2015-10-31,1319
2194,2,17,2015-11-30,1325
2195,2,17,2015-12-31,969
2196,2,17,2016-01-31,1025
2197,2,17,2016-02-29,948
2198,2,17,2016-03-31,1382
2199,2,17,2016-04-30,1520
2200,2,17,2016-05-31,1572
2201,2,17,2016-06-30,1548
2202,2,17,2016-07-31,1842
2203,2,17,2016-08-31,1588
2204,2,17,2016-09-30,1454
2205,2,17,2016-10-31,1396
2206,2,17,2016-11-30,1455
2207,2,17,2016-12-31,1109
2208,2,17,2017-01-31,1019
2209,2,17,2017-02-28,1015
2210,2,17,2017-03-31,1375
2211,2,17,2017-04-30,1487
2212,2,17,2017-05-31,1602
2213,2,17,2017-06-30,1714
2214,2,17,2017-07-31,1837
2215,2,17,2017-08-31,1738
2216,2,17,2017-09-30,1462
2217,2,17,2017-10-31,1421
2218,2,17,2017-11-30,1526
2219,2,17,2017-12-31,1149
2220,2,18,2013-01-31,1885
2221,2,18,2013-02-28,1911
2222,2,18,2013-03-31,2594
2223,2,18,2013-04-30,2835
2224,2,18,2013-05-31,3221
2225,2,18,2013-06-30,3332
2226,2,18,2013-07-31,3616
2227,2,18,2013-08-31,3184
2228,2,18,2013-09-30,2836
2229,2,18,2013-10-31,2808
2230,2,18,2013-11-30,2840
2231,2,18,2013-12-31,2129
2232,2,18,2014-01-31,2166
2233,2,18,2014-02-28,2234
2234,2,18,2014-03-31,2848
2235,2,18,2014-04-30,3295
2236,2,18,2014-05-31,3695
2237,2,18,2014-06-30,3621
2238,2,18,2014-07-31,4093
2239,2,18,2014-08-31,3568
2240,2,18,2014-09-30,3188
2241,2,18,2014-10-31,3120
2242,2,18,2014-11-30,3254
2243,2,18,2014-12-31,2366
2244,2,18,2015-01-31,2304
2245,2,18,2015-02-28,2336
2246,2,18,2015-03-31,2991
2247,2,18,2015-04-30,3418
2248,2,18,2015-05-31,3816
2249,2,18,2015-06-30,3862
2250,2,18,2015-07-31,4326
2251,2,18,2015-08-31,3705
2252,2,18,2015-09-30,3423
2253,2,18,2015-10-31,3297
2254,2,18,2015-11-30,3346
2255,2,18,2015-12-31,2446
2256,2,18,2016-01-31,2481
2257,2,18,2016-02-29,2566
2258,2,18,2016-03-31,3268
2259,2,18,2016-04-30,3729
2260,2,18,2016-05-31,4108
2261,2,18,2016-06-30,4149
2262,2,18,2016-07-31,4645
2263,2,18,2016-08-31,4078
2264,2,18,2016-09-30,3683
2265,2,18,2016-10-31,3601
2266,2,18,2016-11-30,3702
2267,2,18,2016-12-31,2727
2268,2,18,2017-01-31,2477
2269,2,18,2017-02-28,2657
2270,2,18,2017-03-31,3463
2271,2,18,2017-04-30,3754
2272,2,18,2017-05-31,4240
2273,2,18,2017-06-30,4362
2274,2,18,2017-07-31,5014
2275,2,18,2017-08-31,4398
2276,2,18,2017-09-30,3902
2277,2,18,2017-10-31,3766
2278,2,18,2017-11-30,3858
2279,2,18,2017-12-31,2885
2280,2,19,2013-01-31,924
2281,2,19,2013-02-28,957
2282,2,19,2013-03-31,1281
2283,2,19,2013-04-30,1359
2284,2,19,2013-05-31,1458
2285,2,19,2013-06-30,1514
2286,2,19,2013-07-31,1718
2287,2,19,2013-08-31,1577
2288,2,19,2013-09-30,1318
2289,2,19,2013-10-31,1349
2290,2,19,2013-11-30,1378
2291,2,19,2013-12-31,1015
2292,2,19,2014-01-31,1061
2293,2,19,2014-02-28,1075
2294,2,19,2014-03-31,1431
2295,2,19,2014-04-30,1638
2296,2,19,2014-05-31,1807
2297,2,19,2014-06-30,1752
2298,2,19,2014-07-31,1949
2299,2,19,2014-08-31,1723
2300,2,19,2014-09-30,1504
2301,2,19,2014-10-31,1427
2302,2,19,2014-11-30,1557
2303,2,19,2014-12-31,1089
2304,2,19,2015-01-31,1104
2305,2,19,2015-02-28,1121
2306,2,19,2015-03-31,1480
2307,2,19,2015-04-30,1695
2308,2,19,2015-05-31,1818
2309,2,19,2015-06-30,1850
2310,2,19,2015-07-31,2073
2311,2,19,2015-08-31,1863
2312,2,19,2015-09-30,1651
2313,2,19,2015-10-31,1489
2314,2,19,2015-11-30,1640
2315,2,19,2015-12-31,1211
2316,2,19,2016-01-31,1209
2317,2,19,2016-02-29,1196
2318,2,19,2016-03-31,1632
2319,2,19,2016-04-30,1796
2320,2,19,2016-05-31,1922
2321,2,19,2016-06-30,2042
2322,2,19,2016-07-31,2225
2323,2,19,2016-08-31,1917
2324,2,19,2016-09-30,1759
2325,2,19,2016-10-31,1802
2326,2,19,2016-11-30,1712
2327,2,19,2016-12-31,1303
2328,2,19,2017-01-31,1261
2329,2,19,2017-02-28,1287
2330,2,19,2017-03-31,1646
2331,2,19,2017-04-30,1860
2332,2,19,2017-05-31,1944
2333,2,19,2017-06-30,2200
2334,2,19,2017-07-31,2327
2335,2,19,2017-08-31,1979
2336,2,19,2017-09-30,1849
2337,2,19,2017-10-31,1732
2338,2,19,2017-11-30,1803
2339,2,19,2017-12-31,1364
2340,2,20,2013-01-31,1045
2341,2,20,2013-02-28,999
2342,2,20,2013-03-31,1448
2343,2,20,2013-04-30,1578
2344,2,20,2013-05-31,1784
2345,2,20,2013-06-30,1876
2346,2,20,2013-07-31,2007
2347,2,20,2013-08-31,1844
2348,2,20,2013-09-30,1594
2349,2,20,2013-10-31,1543
2350,2,20,2013-11-30,1554
2351,2,20,2013-12-31,1072
2352,2,20,2014-01-31,1220
2353,2,20,2014-02-28,1241
2354,2,20,2014-03-31,1629
2355,2,20,2014-04-30,1845
2356,2,20,2014-05-31,2103
2357,2,20,2014-06-30,2132
2358,2,20,2014-07-31,2287
2359,2,20,2014-08-31,2075
2360,2,20,2014-09-30,1867
2361,2,20,2014-10-31,1732
2362,2,20,2014-11-30,1875
2363,2,20,2014-12-31,1382
2364,2,20,2015-01-31,1235
2365,2,20,2015-02-28,1317
2366,2,20,2015-03-31,1695
2367,2,20,2015-04-30,1950
2368,2,20,2015-05-31,2214
2369,2,20,2015-06-30,2124
2370,2,20,2015-07-31,2410
2371,2,20,2015-08-31,2232
2372,2,20,2015-09-30,1934
2373,2,20,2015-10-31,1912
2374,2,20,2015-11-30,1912
2375,2,20,2015-12-31,1389
2376,2,20,2016-01-31,1472
2377,2,20,2016-02-29,1480
2378,2,20,2016-03-31,1835
2379,2,20,2016-04-30,2102
2380,2,20,2016-05-31,2287
2381,2,20,2016-06-30,2389
2382,2,20,2016-07-31,2609
2383,2,20,2016-08-31,2334
2384,2,20,2016-09-30,2087
2385,2,20,2016-10-31,1995
2386,2,20,2016-11-30,2117
2387,2,20,2016-12-31,1538
2388,2,20,2017-01-31,1430
2389,2,20,2017-02-28,1475
2390,2,20,2017-03-31,1975
2391,2,20,2017-04-30,2238
2392,2,20,2017-05-31,2328
2393,2,20,2017-06-30,2454
2394,2,20,2017-07-31,2692
2395,2,20,2017-08-31,2434
2396,2,20,2017-09-30,2262
2397,2,20,2017-10-31,2036
2398,2,20,2017-11-30,2155
2399,2,20,2017-12-31,1566
2400,3,1,2013-01-31,453
2401,3,1,2013-02-28,421
2402,3,1,2013-03-31,587
2403,3,1,2013-04-30,673
2404,3,1,2013-05-31,735
2405,3,1,2013-06-30,748
2406,3,1,2013-07-31,794
2407,3,1,2013-08-31,769
2408,3,1,2013-09-30,650
2409,3,1,2013-10-31,626
2410,3,1,2013-11-30,669
2411,3,1,2013-12-31,478
2412,3,1,2014-01-31,479
2413,3,1,2014-02-28,503
2414,3,1,2014-03-31,685
2415,3,1,2014-04-30,728
2416,3,1,2014-05-31,875
2417,3,1,2014-06-30,850
2418,3,1,2014-07-31,942
2419,3,1,2014-08-31,824
2420,3,1,2014-09-30,728
2421,3,1,2014-10-31,730
2422,3,1,2014-11-30,778
2423,3,1,2014-12-31,544
2424,3,1,2015-01-31,520
2425,3,1,2015-02-28,486
2426,3,1,2015-03-31,692
2427,3,1,2015-04-30,813
2428,3,1,2015-05-31,890
2429,3,1,2015-06-30,904
2430,3,1,2015-07-31,984
2431,3,1,2015-08-31,910
2432,3,1,2015-09-30,829
2433,3,1,2015-10-31,746
2434,3,1,2015-11-30,795
2435,3,1,2015-12-31,572
2436,3,1,2016-01-31,571
2437,3,1,2016-02-29,628
2438,3,1,2016-03-31,701
2439,3,1,2016-04-30,902
2440,3,1,2016-05-31,940
2441,3,1,2016-06-30,989
2442,3,1,2016-07-31,1082
2443,3,1,2016-08-31,951
2444,3,1,2016-09-30,846
2445,3,1,2016-10-31,827
2446,3,1,2016-11-30,842
2447,3,1,2016-12-31,671
2448,3,1,2017-01-31,614
2449,3,1,2017-02-28,619
2450,3,1,2017-03-31,778
2451,3,1,2017-04-30,931
2452,3,1,2017-05-31,1000
2453,3,1,2017-06-30,1057
2454,3,1,2017-07-31,1141
2455,3,1,2017-08-31,942
2456,3,1,2017-09-30,865
2457,3,1,2017-10-31,884
2458,3,1,2017-11-30,878
2459,3,1,2017-12-31,709
2460,3,2,2013-01-31,1195
2461,3,2,2013-02-28,1170
2462,3,2,2013-03-31,1605
2463,3,2,2013-04-30,1736
2464,3,2,2013-05-31,1920
2465,3,2,2013-06-30,1969
2466,3,2,2013-07-31,2222
2467,3,2,2013-08-31,1979
2468,3,2,2013-09-30,1704
2469,3,2,2013-10-31,1636
2470,3,2,2013-11-30,1787
2471,3,2,2013-12-31,1287
2472,3,2,2014-01-31,1339
2473,3,2,2014-02-28,1400
2474,3,2,2014-03-31,1851
2475,3,2,2014-04-30,2085
2476,3,2,2014-05-31,2184
2477,3,2,2014-06-30,2337
2478,3,2,2014-07-31,2571
2479,3,2,2014-08-31,2220
2480,3,2,2014-09-30,2053
2481,3,2,2014-10-31,1926
2482,3,2,2014-11-30,2018
2483,3,2,2014-12-31,1500
2484,3,2,2015-01-31,1394
2485,3,2,2015-02-28,1399
2486,3,2,2015-03-31,1838
2487,3,2,2015-04-30,2006
2488,3,2,2015-05-31,2389
2489,3,2,2015-06-30,2445
2490,3,2,2015-07-31,2696
2491,3,2,2015-08-31,2356
2492,3,2,2015-09-30,2173
2493,3,2,2015-10-31,2078
2494,3,2,2015-11-30,2107
2495,3,2,2015-12-31,1528
2496,3,2,2016-01-31,1520
2497,3,2,2016-02-29,1567
2498,3,2,2016-03-31,2062
2499,3,2,2016-04-30,2334
2500,3,2,2016-05-31,2629
2501,3,2,2016-06-30,2580
2502,3,2,2016-07-31,2949
2503,3,2,2016-08-31,2518
2504,3,2,2016-09-30,2288
2505,3,2,2016-10-31,2198
2506,3,2,2016-11-30,2185
2507,3,2,2016-12-31,1730
2508,3,2,2017-01-31,1515
2509,3,2,2017-02-28,1644
2510,3,2,2017-03-31,2074
2511,3,2,2017-04-30,2422
2512,3,2,2017-05-31,2568
2513,3,2,2017-06-30,2851
2514,3,2,2017-07-31,2962
2515,3,2,2017-08-31,2555
2516,3,2,2017-09-30,2408
2517,3,2,2017-10-31,2227
2518,3,2,2017-11-30,2307
2519,3,2,2017-12-31,1789
2520,3,3,2013-01-31,748
2521,3,3,2013-02-28,736
2522,3,3,2013-03-31,939
2523,3,3,2013-04-30,1108
2524,3,3,2013-05-31,1221
2525,3,3,2013-06-30,1284
2526,3,3,2013-07-31,1380
2527,3,3,2013-08-31,1236
2528,3,3,2013-09-30,1052
2529,3,3,2013-10-31,1053
2530,3,3,2013-11-30,1116
2531,3,3,2013-12-31,815
2532,3,3,2014-01-31,833
2533,3,3,2014-02-28,847
2534,3,3,2014-03-31,1127
2535,3,3,2014-04-30,1255
2536,3,3,2014-05-31,1443
2537,3,3,2014-06-30,1470
2538,3,3,2014-07-31,1541
2539,3,3,2014-08-31,1478
2540,3,3,2014-09-30,1261
2541,3,3,2014-10-31,1223
2542,3,3,2014-11-30,1249
2543,3,3,2014-12-31,943
2544,3,3,2015-01-31,896
2545,3,3,2015-02-28,872
2546,3,3,2015-03-31,1172
2547,3,3,2015-04-30,1341
2548,3,3,2015-05-31,1465
2549,3,3,2015-06-30,1548
2550,3,3,2015-07-31,1661
2551,3,3,2015-08-31,1492
2552,3,3,2015-09-30,1382
2553,3,3,2015-10-31,1266
2554,3,3,2015-11-30,1340
2555,3,3,2015-12-31,953
2556,3,3,2016-01-31,965
2557,3,3,2016-02-29,959
2558,3,3,2016-03-31,1238
2559,3,3,2016-04-30,1395
2560,3,3,2016-05-31,1587
2561,3,3,2016-06-30,1594
2562,3,3,2016-07-31,1802
2563,3,3,2016-08-31,1479
2564,3,3,2016-09-30,1430
2565,3,3,2016-10-31,1393
2566,3,3,2016-11-30,1378
2567,3,3,2016-12-31,1079
2568,3,3,2017-01-31,1014
2569,3,3,2017-02-28,986
2570,3,3,2017-03-31,1383
2571,3,3,2017-04-30,1548
2572,3,3,2017-05-31,1657
2573,3,3,2017-06-30,1693
2574,3,3,2017-07-31,1850
2575,3,3,2017-08-31,1624
2576,3,3,2017-09-30,1461
2577,3,3,2017-10-31,1407
2578,3,3,2017-11-30,1465
2579,3,3,2017-12-31,1141
2580,3,4,2013-01-31,401
2581,3,4,2013-02-28,435
2582,3,4,2013-03-31,619
2583,3,4,2013-04-30,702
2584,3,4,2013-05-31,745
2585,3,4,2013-06-30,738
2586,3,4,2013-07-31,847
2587,3,4,2013-08-31,770
2588,3,4,2013-09-30,698
2589,3,4,2013-10-31,634
2590,3,4,2013-11-30,674
2591,3,4,2013-12-31,501
2592,3,4,2014-01-31,517
2593,3,4,2014-02-28,498
2594,3,4,2014-03-31,685
2595,3,4,2014-04-30,697
2596,3,4,2014-05-31,827
2597,3,4,2014-06-30,866
2598,3,4,2014-07-31,941
2599,3,4,2014-08-31,852
2600,3,4,2014-09-30,797
2601,3,4,2014-10-31,763
2602,3,4,2014-11-30,807
2603,3,4,2014-12-31,501
2604,3,4,2015-01-31,520
2605,3,4,2015-02-28,531
2606,3,4,2015-03-31,683
2607,3,4,2015-04-30,760
2608,3,4,2015-05-31,906
2609,3,4,2015-06-30,903
2610,3,4,2015-07-31,1010
2611,3,4,2015-08-31,822
2612,3,4,2015-09-30,778
2613,3,4,2015-10-31,764
2614,3,4,2015-11-30,805
2615,3,4,2015-12-31,533
2616,3,4,2016-01-31,584
2617,3,4,2016-02-29,603
2618,3,4,2016-03-31,765
2619,3,4,2016-04-30,908
2620,3,4,2016-05-31,937
2621,3,4,2016-06-30,981
2622,3,4,2016-07-31,1077
2623,3,4,2016-08-31,968
2624,3,4,2016-09-30,864
2625,3,4,2016-10-31,787
2626,3,4,2016-11-30,871
2627,3,4,2016-12-31,637
2628,3,4,2017-01-31,620
2629,3,4,2017-02-28,560
2630,3,4,2017-03-31,776
2631,3,4,2017-04-30,929
2632,3,4,2017-05-31,1016
2633,3,4,2017-06-30,1089
2634,3,4,2017-07-31,1119
2635,3,4,2017-08-31,998
2636,3,4,2017-09-30,870
2637,3,4,2017-10-31,859
2638,3,4,2017-11-30,851
2639,3,4,2017-12-31,663
2640,3,5,2013-01-31,353
2641,3,5,2013-02-28,345
2642,3,5,2013-03-31,493
2643,3,5,2013-04-30,537
2644,3,5,2013-05-31,603
2645,3,5,2013-06-30,614
2646,3,5,2013-07-31,658
2647,3,5,2013-08-31,633
2648,3,5,2013-09-30,574
2649,3,5,2013-10-31,512
2650,3,5,2013-11-30,531
2651,3,5,2013-12-31,417
2652,3,5,2014-01-31,419
2653,3,5,2014-02-28,402
2654,3,5,2014-03-31,608
2655,3,5,2014-04-30,624
2656,3,5,2014-05-31,707
2657,3,5,2014-06-30,709
2658,3,5,2014-07-31,823
2659,3,5,2014-08-31,684
2660,3,5,2014-09-30,614
2661,3,5,2014-10-31,582
2662,3,5,2014-11-30,648
2663,3,5,2014-12-31,462
2664,3,5,2015-01-31,441
2665,3,5,2015-02-28,461
2666,3,5,2015-03-31,562
2667,3,5,2015-04-30,685
2668,3,5,2015-05-31,734
2669,3,5,2015-06-30,757
2670,3,5,2015-07-31,861
2671,3,5,2015-08-31,762
2672,3,5,2015-09-30,620
2673,3,5,2015-10-31,612
2674,3,5,2015-11-30,695
2675,3,5,2015-12-31,472
2676,3,5,2016-01-31,500
2677,3,5,2016-02-29,491
2678,3,5,2016-03-31,604
2679,3,5,2016-04-30,690
2680,3,5,2016-05-31,775
2681,3,5,2016-06-30,807
2682,3,5,2016-07-31,900
2683,3,5,2016-08-31,791
2684,3,5,2016-09-30,716
2685,3,5,2016-10-31,674
2686,3,5,2016-11-30,752
2687,3,5,2016-12-31,507
2688,3,5,2017-01-31,515
2689,3,5,2017-02-28,490
2690,3,5,2017-03-31,652
2691,3,5,2017-04-30,731
2692,3,5,2017-05-31,821
2693,3,5,2017-06-30,866
2694,3,5,2017-07-31,937
2695,3,5,2017-08-31,807
2696,3,5,2017-09-30,773
2697,3,5,2017-10-31,730
2698,3,5,2017-11-30,727
2699,3,5,2017-12-31,616
2700,3,6,2013-01-31,1126
2701,3,6,2013-02-28,1185
2702,3,6,2013-03-31,1527
2703,3,6,2013-04-30,1688
2704,3,6,2013-05-31,1976
2705,3,6,2013-06-30,2030
2706,3,6,2013-07-31,2155
2707,3,6,2013-08-31,1919
2708,3,6,2013-09-30,1768
2709,3,6,2013-10-31,1707
2710,3,6,2013-11-30,1753
2711,3,6,2013-12-31,1315
2712,3,6,2014-01-31,1344
2713,3,6,2014-02-28,1306
2714,3,6,2014-03-31,1773
2715,3,6,2014-04-30,2125
2716,3,6,2014-05-31,2298
2717,3,6,2014-06-30,2303
2718,3,6,2014-07-31,2457
2719,3,6,2014-08-31,2272
2720,3,6,2014-09-30,2100
2721,3,6,2014-10-31,1960
2722,3,6,2014-11-30,2041
2723,3,6,2014-12-31,1484
2724,3,6,2015-01-31,1397
2725,3,6,2015-02-28,1489
2726,3,6,2015-03-31,1939
2727,3,6,2015-04-30,2157
2728,3,6,2015-05-31,2439
2729,3,6,2015-06-30,2369
2730,3,6,2015-07-31,2697
2731,3,6,2015-08-31,2353
2732,3,6,2015-09-30,2126
2733,3,6,2015-10-31,2055
2734,3,6,2015-11-30,2162
2735,3,6,2015-12-31,1559
2736,3,6,2016-01-31,1507
2737,3,6,2016-02-29,1575
2738,3,6,2016-03-31,2121
2739,3,6,2016-04-30,2292
2740,3,6,2016-05-31,2530
2741,3,6,2016-06-30,2614
2742,3,6,2016-07-31,2958
2743,3,6,2016-08-31,2596
2744,3,6,2016-09-30,2320
2745,3,6,2016-10-31,2298
2746,3,6,2016-11-30,2269
2747,3,6,2016-12-31,1607
2748,3,6,2017-01-31,1630
2749,3,6,2017-02-28,1569
2750,3,6,2017-03-31,2021
2751,3,6,2017-04-30,2401
2752,3,6,2017-05-31,2569
2753,3,6,2017-06-30,2748
2754,3,6,2017-07-31,3022
2755,3,6,2017-08-31,2606
2756,3,6,2017-09-30,2370
2757,3,6,2017-10-31,2263
2758,3,6,2017-11-30,2342
2759,3,6,2017-12-31,1773
2760,3,7,2013-01-31,1157
2761,3,7,2013-02-28,1121
2762,3,7,2013-03-31,1496
2763,3,7,2013-04-30,1769
2764,3,7,2013-05-31,1888
2765,3,7,2013-06-30,2028
2766,3,7,2013-07-31,2236
2767,3,7,2013-08-31,2001
2768,3,7,2013-09-30,1762
2769,3,7,2013-10-31,1734
2770,3,7,2013-11-30,1732
2771,3,7,2013-12-31,1264
2772,3,7,2014-01-31,1365
2773,3,7,2014-02-28,1360
2774,3,7,2014-03-31,1832
2775,3,7,2014-04-30,2088
2776,3,7,2014-05-31,2166
2777,3,7,2014-06-30,2341
2778,3,7,2014-07-31,2496
2779,3,7,2014-08-31,2213
2780,3,7,2014-09-30,1969
2781,3,7,2014-10-31,1906
2782,3,7,2014-11-30,2013
2783,3,7,2014-12-31,1521
2784,3,7,2015-01-31,1366
2785,3,7,2015-02-28,1422
2786,3,7,2015-03-31,1910
2787,3,7,2015-04-30,2045
2788,3,7,2015-05-31,2323
2789,3,7,2015-06-30,2434
2790,3,7,2015-07-31,2633
2791,3,7,2015-08-31,2291
2792,3,7,2015-09-30,2099
2793,3,7,2015-10-31,2035
2794,3,7,2015-11-30,2113
2795,3,7,2015-12-31,1525
2796,3,7,2016-01-31,1537
2797,3,7,2016-02-29,1618
2798,3,7,2016-03-31,2004
2799,3,7,2016-04-30,2341
2800,3,7,2016-05-31,2539
2801,3,7,2016-06-30,2658
2802,3,7,2016-07-31,2883
2803,3,7,2016-08-31,2576
2804,3,7,2016-09-30,2255
2805,3,7,2016-10-31,2209
2806,3,7,2016-11-30,2305
2807,3,7,2016-12-31,1682
2808,3,7,2017-01-31,1592
2809,3,7,2017-02-28,1556
2810,3,7,2017-03-31,2191
2811,3,7,2017-04-30,2419
2812,3,7,2017-05-31,2598
2813,3,7,2017-06-30,2710
2814,3,7,2017-07-31,2993
2815,3,7,2017-08-31,2601
2816,3,7,2017-09-30,2349
2817,3,7,2017-10-31,2282
2818,3,7,2017-11-30,2366
2819,3,7,2017-12-31,1781
2820,3,8,2013-01-31,1556
2821,3,8,2013-02-28,1488
2822,3,8,2013-03-31,2029
2823,3,8,2013-04-30,2289
2824,3,8,2013-05-31,2492
2825,3,8,2013-06-30,2526
2826,3,8,2013-07-31,2878
2827,3,8,2013-08-31,2504
2828,3,8,2013-09-30,2322
2829,3,8,2013-10-31,2141
2830,3,8,2013-11-30,2293
2831,3,8,2013-12-31,1704
2832,3,8,2014-01-31,1753
2833,3,8,2014-02-28,1835
2834,3,8,2014-03-31,2347
2835,3,8,2014-04-30,2718
2836,3,8,2014-05-31,2967
2837,3,8,2014-06-30,3021
2838,3,8,2014-07-31,3398
2839,3,8,2014-08-31,2956
2840,3,8,2014-09-30,2571
2841,3,8,2014-10-31,2566
2842,3,8,2014-11-30,2733
2843,3,8,2014-12-31,1915
2844,3,8,2015-01-31,1849
2845,3,8,2015-02-28,1854
2846,3,8,2015-03-31,2448
2847,3,8,2015-04-30,2848
2848,3,8,2015-05-31,3153
2849,3,8,2015-06-30,3162
2850,3,8,2015-07-31,3375
2851,3,8,2015-08-31,3179
2852,3,8,2015-09-30,2833
2853,3,8,2015-10-31,2622
2854,3,8,2015-11-30,2711
2855,3,8,2015-12-31,2005
2856,3,8,2016-01-31,2037
2857,3,8,2016-02-29,2047
2858,3,8,2016-03-31,2640
2859,3,8,2016-04-30,3119
2860,3,8,2016-05-31,3333
2861,3,8,2016-06-30,3543
2862,3,8,2016-07-31,3830
2863,3,8,2016-08-31,3219
2864,3,8,2016-09-30,2973
2865,3,8,2016-10-31,2895
2866,3,8,2016-11-30,2930
2867,3,8,2016-12-31,2276
2868,3,8,2017-01-31,2067
2869,3,8,2017-02-28,2075
2870,3,8,2017-03-31,2709
2871,3,8,2017-04-30,3186
2872,3,8,2017-05-31,3372
2873,3,8,2017-06-30,3540
2874,3,8,2017-07-31,3997
2875,3,8,2017-08-31,3397
2876,3,8,2017-09-30,3155
2877,3,8,2017-10-31,2984
2878,3,8,2017-11-30,3131
2879,3,8,2017-12-31,2311
2880,3,9,2013-01-31,996
2881,3,9,2013-02-28,1041
2882,3,9,2013-03-31,1417
2883,3,9,2013-04-30,1600
2884,3,9,2013-05-31,1696
2885,3,9,2013-06-30,1708
2886,3,9,2013-07-31,1854
2887,3,9,2013-08-31,1803
2888,3,9,2013-09-30,1580
2889,3,9,2013-10-31,1498
2890,3,9,2013-11-30,1511
2891,3,9,2013-12-31,1145
2892,3,9,2014-01-31,1176
2893,3,9,2014-02-28,1205
2894,3,9,2014-03-31,1608
2895,3,9,2014-04-30,1742
2896,3,9,2014-05-31,2037
2897,3,9,2014-06-30,2027
2898,3,9,2014-07-31,2105
2899,3,9,2014-08-31,1957
2900,3,9,2014-09-30,1760
2901,3,9,2014-10-31,1694
2902,3,9,2014-11-30,1776
2903,3,9,2014-12-31,1321
2904,3,9,2015-01-31,1244
2905,3,9,2015-02-28,1283
2906,3,9,2015-03-31,1686
2907,3,9,2015-04-30,1844
2908,3,9,2015-05-31,2064
2909,3,9,2015-06-30,2079
2910,3,9,2015-07-31,2362
2911,3,9,2015-08-31,2089
2912,3,9,2015-09-30,1896
2913,3,9,2015-10-31,1741
2914,3,9,2015-11-30,1836
2915,3,9,2015-12-31,1365
2916,3,9,2016-01-31,1311
2917,3,9,2016-02-29,1370
2918,3,9,2016-03-31,1880
2919,3,9,2016-04-30,2016
2920,3,9,2016-05-31,2139
2921,3,9,2016-06-30,2307
2922,3,9,2016-07-31,2556
2923,3,9,2016-08-31,2190
2924,3,9,2016-09-30,2041
2925,3,9,2016-10-31,1973
2926,3,9,2016-11-30,1961
2927,3,9,2016-12-31,1523
2928,3,9,2017-01-31,1432
2929,3,9,2017-02-28,1361
2930,3,9,2017-03-31,1844
2931,3,9,2017-04-30,2059
2932,3,9,2017-05-31,2215
2933,3,9,2017-06-30,2306
2934,3,9,2017-07-31,2639
2935,3,9,2017-08-31,2335
2936,3,9,2017-09-30,2094
2937,3,9,2017-10-31,1899
2938,3,9,2017-11-30,2013
2939,3,9,2017-12-31,1587
2940,3,10,2013-01-31,1396
2941,3,10,2013-02-28,1415
2942,3,10,2013-03-31,2007
2943,3,10,2013-04-30,2182
2944,3,10,2013-05-31,2415
2945,3,10,2013-06-30,2605
2946,3,10,2013-07-31,2729
2947,3,10,2013-08-31,2391
2948,3,10,2013-09-30,2111
2949,3,10,2013-10-31,2039
2950,3,10,2013-11-30,2241
2951,3,10,2013-12-31,1658
2952,3,10,2014-01-31,1678
2953,3,10,2014-02-28,1745
2954,3,10,2014-03-31,2271
2955,3,10,2014-04-30,2520
2956,3,10,2014-05-31,2801
2957,3,10,2014-06-30,2812
2958,3,10,2014-07-31,3219
2959,3,10,2014-08-31,2839
2960,3,10,2014-09-30,2456
2961,3,10,2014-10-31,2507
2962,3,10,2014-11-30,2538
2963,3,10,2014-12-31,1816
2964,3,10,2015-01-31,1745
2965,3,10,2015-02-28,1740
2966,3,10,2015-03-31,2317
2967,3,10,2015-04-30,2680
2968,3,10,2015-05-31,2914
2969,3,10,2015-06-30,2974
2970,3,10,2015-07-31,3299
2971,3,10,2015-08-31,2928
2972,3,10,2015-09-30,2518
2973,3,10,2015-10-31,2451
2974,3,10,2015-11-30,2651
2975,3,10,2015-12-31,1906
2976,3,10,2016-01-31,1912
2977,3,10,2016-02-29,1974
2978,3,10,2016-03-31,2549
2979,3,10,2016-04-30,3020
2980,3,10,2016-05-31,3158
2981,3,10,2016-06-30,3289
2982,3,10,2016-07-31,3611
2983,3,10,2016-08-31,3122
2984,3,10,2016-09-30,2900
2985,3,10,2016-10-31,2823
2986,3,10,2016-11-30,2898
2987,3,10,2016-12-31,2112
2988,3,10,2017-01-31,2041
2989,3,10,2017-02-28,2007
2990,3,10,2017-03-31,2624
2991,3,10,2017-04-30,2966
2992,3,10,2017-05-31,3313
2993,3,10,2017-06-30,3414
2994,3,10,2017-07-31,3654
2995,3,10,2017-08-31,3292
2996,3,10,2017-09-30,2996
2997,3,10,2017-10-31,2921
2998,3,10,2017-11-30,2969
2999,3,10,2017-12-31,2187
3000,3,11,2013-01-31,1383
3001,3,11,2013-02-28,1440
3002,3,11,2013-03-31,1873
3003,3,11,2013-04-30,2110
3004,3,11,2013-05-31,2331
3005,3,11,2013-06-30,2450
3006,3,11,2013-07-31,2574
3007,3,11,2013-08-31,2321
3008,3,11,2013-09-30,2097
3009,3,11,2013-10-31,2078
3010,3,11,2013-11-30,2112
3011,3,11,2013-12-31,1484
3012,3,11,2014-01-31,1584
3013,3,11,2014-02-28,1569
3014,3,11,2014-03-31,2151
3015,3,11,2014-04-30,2486
3016,3,11,2014-05-31,2617
3017,3,11,2014-06-30,2716
3018,3,11,2014-07-31,2934
3019,3,11,2014-08-31,2575
3020,3,11,2014-09-30,2395
3021,3,11,2014-10-31,2318
3022,3,11,2014-11-30,2411
3023,3,11,2014-12-31,1771
3024,3,11,2015-01-31,1660
3025,3,11,2015-02-28,1652
3026,3,11,2015-03-31,2207
3027,3,11,2015-04-30,2488
3028,3,11,2015-05-31,2764
3029,3,11,2015-06-30,2848
3030,3,11,2015-07-31,3197
3031,3,11,2015-08-31,2724
3032,3,11,2015-09-30,2540
3033,3,11,2015-10-31,2378
3034,3,11,2015-11-30,2516
3035,3,11,2015-12-31,1932
3036,3,11,2016-01-31,1841
3037,3,11,2016-02-29,1949
3038,3,11,2016-03-31,2318
3039,3,11,2016-04-30,2726
3040,3,11,2016-05-31,3001
3041,3,11,2016-06-30,3128
3042,3,11,2016-07-31,3497
3043,3,11,2016-08-31,3075
3044,3,11,2016-09-30,2754
3045,3,11,2016-10-31,2574
3046,3,11,2016-11-30,2599
3047,3,11,2016-12-31,1960
3048,3,11,2017-01-31,1925
3049,3,11,2017-02-28,1928
3050,3,11,2017-03-31,2505
3051,3,11,2017-04-30,2827
3052,3,11,2017-05-31,3051
3053,3,11,2017-06-30,3288
3054,3,11,2017-07-31,3519
3055,3,11,2017-08-31,3083
3056,3,11,2017-09-30,2854
3057,3,11,2017-10-31,2761
3058,3,11,2017-11-30,2830
3059,3,11,2017-12-31,2107
3060,3,12,2013-01-31,1396
3061,3,12,2013-02-28,1373
3062,3,12,2013-03-31,1871
3063,3,12,2013-04-30,2058
3064,3,12,2013-05-31,2295
3065,3,12,2013-06-30,2445
3066,3,12,2013-07-31,2665
3067,3,12,2013-08-31,2374
3068,3,12,2013-09-30,2151
3069,3,12,2013-10-31,2030
3070,3,12,2013-11-30,2089
3071,3,12,2013-12-31,1533
3072,3,12,2014-01-31,1560
3073,3,12,2014-02-28,1588
3074,3,12,2014-03-31,2128
3075,3,12,2014-04-30,2327
3076,3,12,2014-05-31,2597
3077,3,12,2014-06-30,2833
3078,3,12,2014-07-31,2919
3079,3,12,2014-08-31,2598
3080,3,12,2014-09-30,2332
3081,3,12,2014-10-31,2279
3082,3,12,2014-11-30,2382
3083,3,12,2014-12-31,1740
3084,3,12,2015-01-31,1663
3085,3,12,2015-02-28,1689
3086,3,12,2015-03-31,2221
3087,3,12,2015-04-30,2553
3088,3,12,2015-05-31,2830
3089,3,12,2015-06-30,2820
3090,3,12,2015-07-31,3233
3091,3,12,2015-08-31,2779
3092,3,12,2015-09-30,2528
3093,3,12,2015-10-31,2452
3094,3,12,2015-11-30,2505
3095,3,12,2015-12-31,1899
3096,3,12,2016-01-31,1800
3097,3,12,2016-02-29,1879
3098,3,12,2016-03-31,2402
3099,3,12,2016-04-30,2844
3100,3,12,2016-05-31,2930
3101,3,12,2016-06-30,3069
3102,3,12,2016-07-31,3441
3103,3,12,2016-08-31,2953
3104,3,12,2016-09-30,2628
3105,3,12,2016-10-31,2600
3106,3,12,2016-11-30,2685
3107,3,12,2016-12-31,2023
3108,3,12,2017-01-31,1887
3109,3,12,2017-02-28,1911
3110,3,12,2017-03-31,2462
3111,3,12,2017-04-30,2822
3112,3,12,2017-05-31,3082
3113,3,12,2017-06-30,3226
3114,3,12,2017-07-31,3587
3115,3,12,2017-08-31,3027
3116,3,12,2017-09-30,2824
3117,3,12,2017-10-31,2660
3118,3,12,2017-11-30,2804
3119,3,12,2017-12-31,2126
3120,3,13,2013-01-31,1673
3121,3,13,2013-02-28,1613
3122,3,13,2013-03-31,2295
3123,3,13,2013-04-30,2503
3124,3,13,2013-05-31,2781
3125,3,13,2013-06-30,2959
3126,3,13,2013-07-31,3175
3127,3,13,2013-08-31,2825
3128,3,13,2013-09-30,2573
3129,3,13,2013-10-31,2412
3130,3,13,2013-11-30,2557
3131,3,13,2013-12-31,1823
3132,3,13,2014-01-31,1868
3133,3,13,2014-02-28,1986
3134,3,13,2014-03-31,2608
3135,3,13,2014-04-30,2925
3136,3,13,2014-05-31,3226
3137,3,13,2014-06-30,3326
3138,3,13,2014-07-31,3689
3139,3,13,2014-08-31,3251
3140,3,13,2014-09-30,2892
3141,3,13,2014-10-31,2710
3142,3,13,2014-11-30,2946
3143,3,13,2014-12-31,2076
3144,3,13,2015-01-31,2046
3145,3,13,2015-02-28,1945
3146,3,13,2015-03-31,2641
3147,3,13,2015-04-30,3059
3148,3,13,2015-05-31,3476
3149,3,13,2015-06-30,3461
3150,3,13,2015-07-31,3819
3151,3,13,2015-08-31,3320
3152,3,13,2015-09-30,3026
3153,3,13,2015-10-31,2960
3154,3,13,2015-11-30,3060
3155,3,13,2015-12-31,2253
3156,3,13,2016-01-31,2308
3157,3,13,2016-02-29,2319
3158,3,13,2016-03-31,2867
3159,3,13,2016-04-30,3374
3160,3,13,2016-05-31,3782
3161,3,13,2016-06-30,3772
3162,3,13,2016-07-31,4310
3163,3,13,2016-08-31,3534
3164,3,13,2016-09-30,3210
3165,3,13,2016-10-31,3082
3166,3,13,2016-11-30,3227
3167,3,13,2016-12-31,2436
3168,3,13,2017-01-31,2303
3169,3,13,2017-02-28,2379
3170,3,13,2017-03-31,3036
3171,3,13,2017-04-30,3457
3172,3,13,2017-05-31,3768
3173,3,13,2017-06-30,3936
3174,3,13,2017-07-31,4343
3175,3,13,2017-08-31,3762
3176,3,13,2017-09-30,3474
3177,3,13,2017-10-31,3228
3178,3,13,2017-11-30,3383
3179,3,13,2017-12-31,2640
3180,3,14,2013-01-31,1198
3181,3,14,2013-02-28,1173
3182,3,14,2013-03-31,1521
3183,3,14,2013-04-30,1801
3184,3,14,2013-05-31,1941
3185,3,14,2013-06-30,1992
3186,3,14,2013-07-31,2221
3187,3,14,2013-08-31,1941
3188,3,14,2013-09-30,1781
3189,3,14,2013-10-31,1666
3190,3,14,2013-11-30,1692
3191,3,14,2013-12-31,1284
3192,3,14,2014-01-31,1367
3193,3,14,2014-02-28,1336
3194,3,14,2014-03-31,1782
3195,3,14,2014-04-30,2043
3196,3,14,2014-05-31,2263
3197,3,14,2014-06-30,2336
3198,3,14,2014-07-31,2600
3199,3,14,2014-08-31,2272
3200,3,14,2014-09-30,1951
3201,3,14,2014-10-31,1927
3202,3,14,2014-11-30,2064
3203,3,14,2014-12-31,1445
3204,3,14,2015-01-31,1448
3205,3,14,2015-02-28,1411
3206,3,14,2015-03-31,1812
3207,3,14,2015-04-30,2097
3208,3,14,2015-05-31,2341
3209,3,14,2015-06-30,2386
3210,3,14,2015-07-31,2662
3211,3,14,2015-08-31,2384
3212,3,14,2015-09-30,2129
3213,3,14,2015-10-31,1992
3214,3,14,2015-11-30,2112
3215,3,14,2015-12-31,1550
3216,3,14,2016-01-31,1527
3217,3,14,2016-02-29,1568
3218,3,14,2016-03-31,2084
3219,3,14,2016-04-30,2322
3220,3,14,2016-05-31,2458
3221,3,14,2016-06-30,2659
3222,3,14,2016-07-31,2950
3223,3,14,2016-08-31,2485
3224,3,14,2016-09-30,2337
3225,3,14,2016-10-31,2174
3226,3,14,2016-11-30,2271
3227,3,14,2016-12-31,1729
3228,3,14,2017-01-31,1617
3229,3,14,2017-02-28,1566
3230,3,14,2017-03-31,2046
3231,3,14,2017-04-30,2427
3232,3,14,2017-05-31,2628
3233,3,14,2017-06-30,2790
3234,3,14,2017-07-31,2965
3235,3,14,2017-08-31,2596
3236,3,14,2017-09-30,2413
3237,3,14,2017-10-31,2306
3238,3,14,2017-11-30,2429
3239,3,14,2017-12-31,1784
3240,3,15,2013-01-31,1808
3241,3,15,2013-02-28,1716
3242,3,15,2013-03-31,2410
3243,3,15,2013-04-30,2637
3244,3,15,2013-05-31,2918
3245,3,15,2013-06-30,2946
3246,3,15,2013-07-31,3173
3247,3,15,2013-08-31,2885
3248,3,15,2013-09-30,2663
3249,3,15,2013-10-31,2532
3250,3,15,2013-11-30,2649
3251,3,15,2013-12-31,1948
3252,3,15,2014-01-31,1966
3253,3,15,2014-02-28,2035
3254,3,15,2014-03-31,2730
3255,3,15,2014-04-30,3024
3256,3,15,2014-05-31,3320
3257,3,15,2014-06-30,3477
3258,3,15,2014-07-31,3820
3259,3,15,2014-08-31,3472
3260,3,15,2014-09-30,3047
3261,3,15,2014-10-31,2841
3262,3,15,2014-11-30,3052
3263,3,15,2014-12-31,2202
3264,3,15,2015-01-31,2154
3265,3,15,2015-02-28,2093
3266,3,15,2015-03-31,2894
3267,3,15,2015-04-30,3114
3268,3,15,2015-05-31,3649
3269,3,15,2015-06-30,3709
3270,3,15,2015-07-31,4020
3271,3,15,2015-08-31,3489
3272,3,15,2015-09-30,3223
3273,3,15,2015-10-31,3043
3274,3,15,2015-11-30,3095
3275,3,15,2015-12-31,2294
3276,3,15,2016-01-31,2198
3277,3,15,2016-02-29,2344
3278,3,15,2016-03-31,3033
3279,3,15,2016-04-30,3482
3280,3,15,2016-05-31,3791
3281,3,15,2016-06-30,4007
3282,3,15,2016-07-31,4454
3283,3,15,2016-08-31,3889
3284,3,15,2016-09-30,3441
3285,3,15,2016-10-31,3353
3286,3,15,2016-11-30,3414
3287,3,15,2016-12-31,2462
3288,3,15,2017-01-31,2414
3289,3,15,2017-02-28,2409
3290,3,15,2017-03-31,3204
3291,3,15,2017-04-30,3636
3292,3,15,2017-05-31,3950
3293,3,15,2017-06-30,4186
3294,3,15,2017-07-31,4446
3295,3,15,2017-08-31,3908
3296,3,15,2017-09-30,3534
3297,3,15,2017-10-31,3402
3298,3,15,2017-11-30,3718
3299,3,15,2017-12-31,2650
3300,3,16,2013-01-31,488
3301,3,16,2013-02-28,505
3302,3,16,2013-03-31,673
3303,3,16,2013-04-30,790
3304,3,16,2013-05-31,903
3305,3,16,2013-06-30,911
3306,3,16,2013-07-31,967
3307,3,16,2013-08-31,815
3308,3,16,2013-09-30,796
3309,3,16,2013-10-31,721
3310,3,16,2013-11-30,775
3311,3,16,2013-12-31,600
3312,3,16,2014-01-31,608
3313,3,16,2014-02-28,584
3314,3,16,2014-03-31,813
3315,3,16,2014-04-30,793
3316,3,16,2014-05-31,1029
3317,3,16,2014-06-30,1004
3318,3,16,2014-07-31,1070
3319,3,16,2014-08-31,1025
3320,3,16,2014-09-30,863
3321,3,16,2014-10-31,804
3322,3,16,2014-11-30,929
3323,3,16,2014-12-31,643
3324,3,16,2015-01-31,623
3325,3,16,2015-02-28,645
3326,3,16,2015-03-31,752
3327,3,16,2015-04-30,942
3328,3,16,2015-05-31,1069
3329,3,16,2015-06-30,1086
3330,3,16,2015-07-31,1109
3331,3,16,2015-08-31,1002
3332,3,16,2015-09-30,942
3333,3,16,2015-10-31,917
3334,3,16,2015-11-30,886
3335,3,16,2015-12-31,652
3336,3,16,2016-01-31,638
3337,3,16,2016-02-29,683
3338,3,16,2016-03-31,874
3339,3,16,2016-04-30,965
3340,3,16,2016-05-31,1104
3341,3,16,2016-06-30,1137
3342,3,16,2016-07-31,1287
3343,3,16,2016-08-31,1064
3344,3,16,2016-09-30,1015
3345,3,16,2016-10-31,943
3346,3,16,2016-11-30,963
3347,3,16,2016-12-31,753
3348,3,16,2017-01-31,732
3349,3,16,2017-02-28,695
3350,3,16,2017-03-31,942
3351,3,16,2017-04-30,1033
3352,3,16,2017-05-31,1180
3353,3,16,2017-06-30,1219
3354,3,16,2017-07-31,1261
3355,3,16,2017-08-31,1130
3356,3,16,2017-09-30,1069
3357,3,16,2017-10-31,1011
3358,3,16,2017-11-30,1017
3359,3,16,2017-12-31,766
3360,3,17,2013-01-31,650
3361,3,17,2013-02-28,638
3362,3,17,2013-03-31,878
3363,3,17,2013-04-30,1045
3364,3,17,2013-05-31,1121
3365,3,17,2013-06-30,1142
3366,3,17,2013-07-31,1225
3367,3,17,2013-08-31,1079
3368,3,17,2013-09-30,1023
3369,3,17,2013-10-31,926
3370,3,17,2013-11-30,984
3371,3,17,2013-12-31,702
3372,3,17,2014-01-31,791
3373,3,17,2014-02-28,759
3374,3,17,2014-03-31,977
3375,3,17,2014-04-30,1079
3376,3,17,2014-05-31,1270
3377,3,17,2014-06-30,1365
3378,3,17,2014-07-31,1463
3379,3,17,2014-08-31,1310
3380,3,17,2014-09-30,1160
3381,3,17,2014-10-31,1117
3382,3,17,2014-11-30,1160
3383,3,17,2014-12-31,803
3384,3,17,2015-01-31,778
3385,3,17,2015-02-28,813
3386,3,17,2015-03-31,1054
3387,3,17,2015-04-30,1208
3388,3,17,2015-05-31,1312
3389,3,17,2015-06-30,1334
3390,3,17,2015-07-31,1474
3391,3,17,2015-08-31,1346
3392,3,17,2015-09-30,1179
3393,3,17,2015-10-31,1160
3394,3,17,2015-11-30,1181
3395,3,17,2015-12-31,934
3396,3,17,2016-01-31,844
3397,3,17,2016-02-29,918
3398,3,17,2016-03-31,1108
3399,3,17,2016-04-30,1349
3400,3,17,2016-05-31,1462
3401,3,17,2016-06-30,1467
3402,3,17,2016-07-31,1601
3403,3,17,2016-08-31,1444
3404,3,17,2016-09-30,1336
3405,3,17,2016-10-31,1221
3406,3,17,2016-11-30,1337
3407,3,17,2016-12-31,943
3408,3,17,2017-01-31,895
3409,3,17,2017-02-28,909
3410,3,17,2017-03-31,1199
3411,3,17,2017-04-30,1386
3412,3,17,2017-05-31,1457
3413,3,17,2017-06-30,1491
3414,3,17,2017-07-31,1671
3415,3,17,2017-08-31,1461
3416,3,17,2017-09-30,1332
3417,3,17,2017-10-31,1301
3418,3,17,2017-11-30,1368
3419,3,17,2017-12-31,997
3420,3,18,2013-01-31,1602
3421,3,18,2013-02-28,1757
3422,3,18,2013-03-31,2221
3423,3,18,2013-04-30,2631
3424,3,18,2013-05-31,2833
3425,3,18,2013-06-30,2957
3426,3,18,2013-07-31,3124
3427,3,18,2013-08-31,2846
3428,3,18,2013-09-30,2547
3429,3,18,2013-10-31,2383
3430,3,18,2013-11-30,2510
3431,3,18,2013-12-31,1888
3432,3,18,2014-01-31,1852
3433,3,18,2014-02-28,2003
3434,3,18,2014-03-31,2587
3435,3,18,2014-04-30,2956
3436,3,18,2014-05-31,3254
3437,3,18,2014-06-30,3417
3438,3,18,2014-07-31,3662
3439,3,18,2014-08-31,3329
3440,3,18,2014-09-30,2880
3441,3,18,2014-10-31,2856
3442,3,18,2014-11-30,2923
3443,3,18,2014-12-31,2093
3444,3,18,2015-01-31,1962
3445,3,18,2015-02-28,2039
3446,3,18,2015-03-31,2662
3447,3,18,2015-04-30,2996
3448,3,18,2015-05-31,3395
3449,3,18,2015-06-30,3465
3450,3,18,2015-07-31,3764
3451,3,18,2015-08-31,3390
3452,3,18,2015-09-30,3013
3453,3,18,2015-10-31,2899
3454,3,18,2015-11-30,3072
3455,3,18,2015-12-31,2176
3456,3,18,2016-01-31,2253
3457,3,18,2016-02-29,2223
3458,3,18,2016-03-31,2949
3459,3,18,2016-04-30,3413
3460,3,18,2016-05-31,3667
3461,3,18,2016-06-30,3713
3462,3,18,2016-07-31,4223
3463,3,18,2016-08-31,3604
3464,3,18,2016-09-30,3358
3465,3,18,2016-10-31,3183
3466,3,18,2016-11-30,3288
3467,3,18,2016-12-31,2380
3468,3,18,2017-01-31,2230
3469,3,18,2017-02-28,2224
3470,3,18,2017-03-31,3046
3471,3,18,2017-04-30,3363
3472,3,18,2017-05-31,3697
3473,3,18,2017-06-30,3925
3474,3,18,2017-07-31,4298
3475,3,18,2017-08-31,3792
3476,3,18,2017-09-30,3428
3477,3,18,2017-10-31,3271
3478,3,18,2017-11-30,3474
3479,3,18,2017-12-31,2516
3480,3,19,2013-01-31,837
3481,3,19,2013-02-28,861
3482,3,19,2013-03-31,1060
3483,3,19,2013-04-30,1182
3484,3,19,2013-05-31,1351
3485,3,19,2013-06-30,1392
3486,3,19,2013-07-31,1509
3487,3,19,2013-08-31,1321
3488,3,19,2013-09-30,1203
3489,3,19,2013-10-31,1113
3490,3,19,2013-11-30,1248
3491,3,19,2013-12-31,874
3492,3,19,2014-01-31,948
3493,3,19,2014-02-28,877
3494,3,19,2014-03-31,1195
3495,3,19,2014-04-30,1386
3496,3,19,2014-05-31,1543
3497,3,19,2014-06-30,1667
3498,3,19,2014-07-31,1723
3499,3,19,2014-08-31,1565
3500,3,19,2014-09-30,1368
3501,3,19,2014-10-31,1375
3502,3,19,2014-11-30,1477
3503,3,19,2014-12-31,1042
3504,3,19,2015-01-31,963
3505,3,19,2015-02-28,965
3506,3,19,2015-03-31,1270
3507,3,19,2015-04-30,1468
3508,3,19,2015-05-31,1630
3509,3,19,2015-06-30,1619
3510,3,19,2015-07-31,1875
3511,3,19,2015-08-31,1605
3512,3,19,2015-09-30,1395
3513,3,19,2015-10-31,1383
3514,3,19,2015-11-30,1461
3515,3,19,2015-12-31,1018
3516,3,19,2016-01-31,1027
3517,3,19,2016-02-29,1081
3518,3,19,2016-03-31,1477
3519,3,19,2016-04-30,1613
3520,3,19,2016-05-31,1729
3521,3,19,2016-06-30,1766
3522,3,19,2016-07-31,1991
3523,3,19,2016-08-31,1717
3524,3,19,2016-09-30,1562
3525,3,19,2016-10-31,1469
3526,3,19,2016-11-30,1549
3527,3,19,2016-12-31,1156
3528,3,19,2017-01-31,1077
3529,3,19,2017-02-28,1105
3530,3,19,2017-03-31,1466
3531,3,19,2017-04-30,1732
3532,3,19,2017-05-31,1830
3533,3,19,2017-06-30,1903
3534,3,19,2017-07-31,2031
3535,3,19,2017-08-31,1848
3536,3,19,2017-09-30,1579
3537,3,19,2017-10-31,1479
3538,3,19,2017-11-30,1617
3539,3,19,2017-12-31,1157
3540,3,20,2013-01-31,964
3541,3,20,2013-02-28,951
3542,3,20,2013-03-31,1252
3543,3,20,2013-04-30,1421
3544,3,20,2013-05-31,1600
3545,3,20,2013-06-30,1714
3546,3,20,2013-07-31,1760
3547,3,20,2013-08-31,1581
3548,3,20,2013-09-30,1496
3549,3,20,2013-10-31,1406
3550,3,20,2013-11-30,1384
3551,3,20,2013-12-31,1062
3552,3,20,2014-01-31,1050
3553,3,20,2014-02-28,1084
3554,3,20,2014-03-31,1473
3555,3,20,2014-04-30,1558
3556,3,20,2014-05-31,1805
3557,3,20,2014-06-30,1896
3558,3,20,2014-07-31,1944
3559,3,20,2014-08-31,1806
3560,3,20,2014-09-30,1577
3561,3,20,2014-10-31,1596
3562,3,20,2014-11-30,1677
3563,3,20,2014-12-31,1269
3564,3,20,2015-01-31,1177
3565,3,20,2015-02-28,1149
3566,3,20,2015-03-31,1573
3567,3,20,2015-04-30,1771
3568,3,20,2015-05-31,1868
3569,3,20,2015-06-30,1882
3570,3,20,2015-07-31,2182
3571,3,20,2015-08-31,1932
3572,3,20,2015-09-30,1673
3573,3,20,2015-10-31,1627
3574,3,20,2015-11-30,1666
3575,3,20,2015-12-31,1297
3576,3,20,2016-01-31,1283
3577,3,20,2016-02-29,1266
3578,3,20,2016-03-31,1684
3579,3,20,2016-04-30,1789
3580,3,20,2016-05-31,2088
3581,3,20,2016-06-30,2123
3582,3,20,2016-07-31,2385
3583,3,20,2016-08-31,2018
3584,3,20,2016-09-30,1913
3585,3,20,2016-10-31,1828
3586,3,20,2016-11-30,1785
3587,3,20,2016-12-31,1368
3588,3,20,2017-01-31,1344
3589,3,20,2017-02-28,1320
3590,3,20,2017-03-31,1717
3591,3,20,2017-04-30,1944
3592,3,20,2017-05-31,2102
3593,3,20,2017-06-30,2197
3594,3,20,2017-07-31,2383
3595,3,20,2017-08-31,2080
3596,3,20,2017-09-30,1964
3597,3,20,2017-10-31,1897
3598,3,20,2017-11-30,1982
3599,3,20,2017-12-31,1466
3600,4,1,2013-01-31,388
3601,4,1,2013-02-28,404
3602,4,1,2013-03-31,522
3603,4,1,2013-04-30,607
3604,4,1,2013-05-31,688
3605,4,1,2013-06-30,707
3606,4,1,2013-07-31,751
3607,4,1,2013-08-31,693
3608,4,1,2013-09-30,611
3609,4,1,2013-10-31,537
3610,4,1,2013-11-30,610
3611,4,1,2013-12-31,455
3612,4,1,2014-01-31,483
3613,4,1,2014-02-28,480
3614,4,1,2014-03-31,621
3615,4,1,2014-04-30,708
3616,4,1,2014-05-31,772
3617,4,1,2014-06-30,852
3618,4,1,2014-07-31,815
3619,4,1,2014-08-31,737
3620,4,1,2014-09-30,710
3621,4,1,2014-10-31,649
3622,4,1,2014-11-30,703
3623,4,1,2014-12-31,518
3624,4,1,2015-01-31,485
3625,4,1,2015-02-28,503
3626,4,1,2015-03-31,653
3627,4,1,2015-04-30,713
3628,4,1,2015-05-31,835
3629,4,1,2015-06-30,819
3630,4,1,2015-07-31,882
3631,4,1,2015-08-31,857
3632,4,1,2015-09-30,747
3633,4,1,2015-10-31,729
3634,4,1,2015-11-30,743
3635,4,1,2015-12-31,495
3636,4,1,2016-01-31,494
3637,4,1,2016-02-29,504
3638,4,1,2016-03-31,693
3639,4,1,2016-04-30,748
3640,4,1,2016-05-31,849
3641,4,1,2016-06-30,939
3642,4,1,2016-07-31,1036
3643,4,1,2016-08-31,865
3644,4,1,2016-09-30,795
3645,4,1,2016-10-31,780
3646,4,1,2016-11-30,724
3647,4,1,2016-12-31,598
3648,4,1,2017-01-31,561
3649,4,1,2017-02-28,518
3650,4,1,2017-03-31,683
3651,4,1,2017-04-30,814
3652,4,1,2017-05-31,870
3653,4,1,2017-06-30,942
3654,4,1,2017-07-31,1087
3655,4,1,2017-08-31,855
3656,4,1,2017-09-30,835
3657,4,1,2017-10-31,770
3658,4,1,2017-11-30,808
3659,4,1,2017-12-31,636
3660,4,2,2013-01-31,1072
3661,4,2,2013-02-28,1134
3662,4,2,2013-03-31,1426
3663,4,2,2013-04-30,1573
3664,4,2,2013-05-31,1926
3665,4,2,2013-06-30,1824
3666,4,2,2013-07-31,2029
3667,4,2,2013-08-31,1874
3668,4,2,2013-09-30,1586
3669,4,2,2013-10-31,1576
3670,4,2,2013-11-30,1674
3671,4,2,2013-12-31,1204
3672,4,2,2014-01-31,1280
3673,4,2,2014-02-28,1247
3674,4,2,2014-03-31,1660
3675,4,2,2014-04-30,1829
3676,4,2,2014-05-31,2099
3677,4,2,2014-06-30,2164
3678,4,2,2014-07-31,2317
3679,4,2,2014-08-31,2049
3680,4,2,2014-09-30,1864
3681,4,2,2014-10-31,1787
3682,4,2,2014-11-30,1849
3683,4,2,2014-12-31,1317
3684,4,2,2015-01-31,1322
3685,4,2,2015-02-28,1271
3686,4,2,2015-03-31,1718
3687,4,2,2015-04-30,1931
3688,4,2,2015-05-31,2312
3689,4,2,2015-06-30,2278
3690,4,2,2015-07-31,2434
3691,4,2,2015-08-31,2133
3692,4,2,2015-09-30,2018
3693,4,2,2015-10-31,1899
3694,4,2,2015-11-30,1968
3695,4,2,2015-12-31,1447
3696,4,2,2016-01-31,1378
3697,4,2,2016-02-29,1503
3698,4,2,2016-03-31,1801
3699,4,2,2016-04-30,2087
3700,4,2,2016-05-31,2338
3701,4,2,2016-06-30,2402
3702,4,2,2016-07-31,2682
3703,4,2,2016-08-31,2346
3704,4,2,2016-09-30,2098
3705,4,2,2016-10-31,2000
3706,4,2,2016-11-30,2122
3707,4,2,2016-12-31,1550
3708,4,2,2017-01-31,1411
3709,4,2,2017-02-28,1449
3710,4,2,2017-03-31,1936
3711,4,2,2017-04-30,2248
3712,4,2,2017-05-31,2434
3713,4,2,2017-06-30,2467
3714,4,2,2017-07-31,2788
3715,4,2,2017-08-31,2391
3716,4,2,2017-09-30,2294
3717,4,2,2017-10-31,2070
3718,4,2,2017-11-30,2158
3719,4,2,2017-12-31,1648
3720,4,3,2013-01-31,698
3721,4,3,2013-02-28,659
3722,4,3,2013-03-31,924
3723,4,3,2013-04-30,996
3724,4,3,2013-05-31,1116
3725,4,3,2013-06-30,1228
3726,4,3,2013-07-31,1227
3727,4,3,2013-08-31,1130
3728,4,3,2013-09-30,1042
3729,4,3,2013-10-31,905
3730,4,3,2013-11-30,1020
3731,4,3,2013-12-31,765
3732,4,3,2014-01-31,750
3733,4,3,2014-02-28,795
3734,4,3,2014-03-31,1018
3735,4,3,2014-04-30,1167
3736,4,3,2014-05-31,1316
3737,4,3,2014-06-30,1400
3738,4,3,2014-07-31,1411
3739,4,3,2014-08-31,1329
3740,4,3,2014-09-30,1210
3741,4,3,2014-10-31,1046
3742,4,3,2014-11-30,1129
3743,4,3,2014-12-31,928
3744,4,3,2015-01-31,821
3745,4,3,2015-02-28,843
3746,4,3,2015-03-31,1081
3747,4,3,2015-04-30,1175
3748,4,3,2015-05-31,1321
3749,4,3,2015-06-30,1369
3750,4,3,2015-07-31,1564
3751,4,3,2015-08-31,1430
3752,4,3,2015-09-30,1229
3753,4,3,2015-10-31,1214
3754,4,3,2015-11-30,1221
3755,4,3,2015-12-31,877
3756,4,3,2016-01-31,909
3757,4,3,2016-02-29,912
3758,4,3,2016-03-31,1188
3759,4,3,2016-04-30,1327
3760,4,3,2016-05-31,1442
3761,4,3,2016-06-30,1467
3762,4,3,2016-07-31,1701
3763,4,3,2016-08-31,1422
3764,4,3,2016-09-30,1335
3765,4,3,2016-10-31,1263
3766,4,3,2016-11-30,1343
3767,4,3,2016-12-31,899
3768,4,3,2017-01-31,940
3769,4,3,2017-02-28,928
3770,4,3,2017-03-31,1215
3771,4,3,2017-04-30,1377
3772,4,3,2017-05-31,1550
3773,4,3,2017-06-30,1545
3774,4,3,2017-07-31,1728
3775,4,3,2017-08-31,1530
3776,4,3,2017-09-30,1392
3777,4,3,2017-10-31,1275
3778,4,3,2017-11-30,1316
3779,4,3,2017-12-31,1031
3780,4,4,2013-01-31,411
3781,4,4,2013-02-28,420
3782,4,4,2013-03-31,544
3783,4,4,2013-04-30,607
3784,4,4,2013-05-31,673
3785,4,4,2013-06-30,692
3786,4,4,2013-07-31,751
3787,4,4,2013-08-31,713
3788,4,4,2013-09-30,593
3789,4,4,2013-10-31,570
3790,4,4,2013-11-30,635
3791,4,4,2013-12-31,467
3792,4,4,2014-01-31,447
3793,4,4,2014-02-28,472
3794,4,4,2014-03-31,602
3795,4,4,2014-04-30,677
3796,4,4,2014-05-31,767
3797,4,4,2014-06-30,821
3798,4,4,2014-07-31,850
3799,4,4,2014-08-31,807
3800,4,4,2014-09-30,713
3801,4,4,2014-10-31,673
3802,4,4,2014-11-30,690
3803,4,4,2014-12-31,532
3804,4,4,2015-01-31,500
3805,4,4,2015-02-28,485
3806,4,4,2015-03-31,648
3807,4,4,2015-04-30,746
3808,4,4,2015-05-31,806
3809,4,4,2015-06-30,804
3810,4,4,2015-07-31,922
3811,4,4,2015-08-31,835
3812,4,4,2015-09-30,749
3813,4,4,2015-10-31,693
3814,4,4,2015-11-30,744
3815,4,4,2015-12-31,574
3816,4,4,2016-01-31,527
3817,4,4,2016-02-29,498
3818,4,4,2016-03-31,683
3819,4,4,2016-04-30,826
3820,4,4,2016-05-31,866
3821,4,4,2016-06-30,900
3822,4,4,2016-07-31,979
3823,4,4,2016-08-31,890
3824,4,4,2016-09-30,778
3825,4,4,2016-10-31,733
3826,4,4,2016-11-30,813
3827,4,4,2016-12-31,555
3828,4,4,2017-01-31,555
3829,4,4,2017-02-28,545
3830,4,4,2017-03-31,674
3831,4,4,2017-04-30,820
3832,4,4,2017-05-31,920
3833,4,4,2017-06-30,901
3834,4,4,2017-07-31,1089
3835,4,4,2017-08-31,899
3836,4,4,2017-09-30,775
3837,4,4,2017-10-31,788
3838,4,4,2017-11-30,847
3839,4,4,2017-12-31,662
3840,4,5,2013-01-31,333
3841,4,5,2013-02-28,334
3842,4,5,2013-03-31,443
3843,4,5,2013-04-30,516
3844,4,5,2013-05-31,536
3845,4,5,2013-06-30,603
3846,4,5,2013-07-31,653
3847,4,5,2013-08-31,570
3848,4,5,2013-09-30,552
3849,4,5,2013-10-31,459
3850,4,5,2013-11-30,532
3851,4,5,2013-12-31,351
3852,4,5,2014-01-31,406
3853,4,5,2014-02-28,386
3854,4,5,2014-03-31,490
3855,4,5,2014-04-30,541
3856,4,5,2014-05-31,666
3857,4,5,2014-06-30,735
3858,4,5,2014-07-31,782
3859,4,5,2014-08-31,673
3860,4,5,2014-09-30,601
3861,4,5,2014-10-31,544
3862,4,5,2014-11-30,559
3863,4,5,2014-12-31,451
3864,4,5,2015-01-31,450
3865,4,5,2015-02-28,408
3866,4,5,2015-03-31,534
3867,4,5,2015-04-30,614
3868,4,5,2015-05-31,730
3869,4,5,2015-06-30,709
3870,4,5,2015-07-31,765
3871,4,5,2015-08-31,711
3872,4,5,2015-09-30,603
3873,4,5,2015-10-31,578
3874,4,5,2015-11-30,622
3875,4,5,2015-12-31,449
3876,4,5,2016-01-31,453
3877,4,5,2016-02-29,489
3878,4,5,2016-03-31,590
3879,4,5,2016-04-30,718
3880,4,5,2016-05-31,723
3881,4,5,2016-06-30,757
3882,4,5,2016-07-31,911
3883,4,5,2016-08-31,742
3884,4,5,2016-09-30,699
3885,4,5,2016-10-31,612
3886,4,5,2016-11-30,679
3887,4,5,2016-12-31,489
3888,4,5,2017-01-31,460
3889,4,5,2017-02-28,472
3890,4,5,2017-03-31,600
3891,4,5,2017-04-30,683
3892,4,5,2017-05-31,729
3893,4,5,2017-06-30,811
3894,4,5,2017-07-31,883
3895,4,5,2017-08-31,764
3896,4,5,2017-09-30,719
3897,4,5,2017-10-31,608
3898,4,5,2017-11-30,660
3899,4,5,2017-12-31,513
3900,4,6,2013-01-31,1040
3901,4,6,2013-02-28,1129
3902,4,6,2013-03-31,1466
3903,4,6,2013-04-30,1661
3904,4,6,2013-05-31,1777
3905,4,6,2013-06-30,1870
3906,4,6,2013-07-31,2000
3907,4,6,2013-08-31,1848
3908,4,6,2013-09-30,1597
3909,4,6,2013-10-31,1505
3910,4,6,2013-11-30,1650
3911,4,6,2013-12-31,1128
3912,4,6,2014-01-31,1190
3913,4,6,2014-02-28,1256
3914,4,6,2014-03-31,1602
3915,4,6,2014-04-30,1898
3916,4,6,2014-05-31,2127
3917,4,6,2014-06-30,2050
3918,4,6,2014-07-31,2355
3919,4,6,2014-08-31,2156
3920,4,6,2014-09-30,1839
3921,4,6,2014-10-31,1754
3922,4,6,2014-11-30,1879
3923,4,6,2014-12-31,1398
3924,4,6,2015-01-31,1313
3925,4,6,2015-02-28,1353
3926,4,6,2015-03-31,1684
3927,4,6,2015-04-30,1881
3928,4,6,2015-05-31,2180
3929,4,6,2015-06-30,2196
3930,4,6,2015-07-31,2404
3931,4,6,2015-08-31,2227
3932,4,6,2015-09-30,1983
3933,4,6,2015-10-31,1876
3934,4,6,2015-11-30,1940
3935,4,6,2015-12-31,1397
3936,4,6,2016-01-31,1461
3937,4,6,2016-02-29,1398
3938,4,6,2016-03-31,1835
3939,4,6,2016-04-30,2106
3940,4,6,2016-05-31,2325
3941,4,6,2016-06-30,2442
3942,4,6,2016-07-31,2697
3943,4,6,2016-08-31,2225
3944,4,6,2016-09-30,2104
3945,4,6,2016-10-31,2026
3946,4,6,2016-11-30,2012
3947,4,6,2016-12-31,1615
3948,4,6,2017-01-31,1440
3949,4,6,2017-02-28,1485
3950,4,6,2017-03-31,1880
3951,4,6,2017-04-30,2181
3952,4,6,2017-05-31,2411
3953,4,6,2017-06-30,2467
3954,4,6,2017-07-31,2749
3955,4,6,2017-08-31,2447
3956,4,6,2017-09-30,2211
3957,4,6,2017-10-31,2051
3958,4,6,2017-11-30,2079
3959,4,6,2017-12-31,1624
3960,4,7,2013-01-31,1049
3961,4,7,2013-02-28,1137
3962,4,7,2013-03-31,1516
3963,4,7,2013-04-30,1562
3964,4,7,2013-05-31,1813
3965,4,7,2013-06-30,1934
3966,4,7,2013-07-31,2055
3967,4,7,2013-08-31,1778
3968,4,7,2013-09-30,1614
3969,4,7,2013-10-31,1565
3970,4,7,2013-11-30,1656
3971,4,7,2013-12-31,1206
3972,4,7,2014-01-31,1352
3973,4,7,2014-02-28,1196
3974,4,7,2014-03-31,1695
3975,4,7,2014-04-30,1876
3976,4,7,2014-05-31,2067
3977,4,7,2014-06-30,2246
3978,4,7,2014-07-31,2274
3979,4,7,2014-08-31,2138
3980,4,7,2014-09-30,1933
3981,4,7,2014-10-31,1863
3982,4,7,2014-11-30,1908
3983,4,7,2014-12-31,1312
3984,4,7,2015-01-31,1302
3985,4,7,2015-02-28,1276
3986,4,7,2015-03-31,1771
3987,4,7,2015-04-30,1888
3988,4,7,2015-05-31,2161
3989,4,7,2015-06-30,2159
3990,4,7,2015-07-31,2484
3991,4,7,2015-08-31,2174
3992,4,7,2015-09-30,1906
3993,4,7,2015-10-31,1848
3994,4,7,2015-11-30,1927
3995,4,7,2015-12-31,1458
3996,4,7,2016-01-31,1437
3997,4,7,2016-02-29,1421
3998,4,7,2016-03-31,1788
3999,4,7,2016-04-30,2112
4000,4,7,2016-05-31,2351
4001,4,7,2016-06-30,2412
4002,4,7,2016-07-31,2713
4003,4,7,2016-08-31,2263
4004,4,7,2016-09-30,2004
4005,4,7,2016-10-31,2028
4006,4,7,2016-11-30,2072
4007,4,7,2016-12-31,1535
4008,4,7,2017-01-31,1452
4009,4,7,2017-02-28,1472
4010,4,7,2017-03-31,1927
4011,4,7,2017-04-30,2155
4012,4,7,2017-05-31,2462
4013,4,7,2017-06-30,2529
4014,4,7,2017-07-31,2835
4015,4,7,2017-08-31,2407
4016,4,7,2017-09-30,2168
4017,4,7,2017-10-31,2071
4018,4,7,2017-11-30,2185
4019,4,7,2017-12-31,1630
4020,4,8,2013-01-31,1408
4021,4,8,2013-02-28,1442
4022,4,8,2013-03-31,1933
4023,4,8,2013-04-30,2095
4024,4,8,2013-05-31,2416
4025,4,8,2013-06-30,2527
4026,4,8,2013-07-31,2547
4027,4,8,2013-08-31,2333
4028,4,8,2013-09-30,2112
4029,4,8,2013-10-31,2067
4030,4,8,2013-11-30,2224
4031,4,8,2013-12-31,1576
4032,4,8,2014-01-31,1573
4033,4,8,2014-02-28,1596
4034,4,8,2014-03-31,2195
4035,4,8,2014-04-30,2420
4036,4,8,2014-05-31,2766
4037,4,8,2014-06-30,2875
4038,4,8,2014-07-31,3028
4039,4,8,2014-08-31,2657
4040,4,8,2014-09-30,2415
4041,4,8,2014-10-31,2319
4042,4,8,2014-11-30,2462
4043,4,8,2014-12-31,1708
4044,4,8,2015-01-31,1642
4045,4,8,2015-02-28,1695
4046,4,8,2015-03-31,2327
4047,4,8,2015-04-30,2529
4048,4,8,2015-05-31,2825
4049,4,8,2015-06-30,2965
4050,4,8,2015-07-31,3189
4051,4,8,2015-08-31,2852
4052,4,8,2015-09-30,2496
4053,4,8,2015-10-31,2429
4054,4,8,2015-11-30,2561
4055,4,8,2015-12-31,1877
4056,4,8,2016-01-31,1891
4057,4,8,2016-02-29,1918
4058,4,8,2016-03-31,2308
4059,4,8,2016-04-30,2720
4060,4,8,2016-05-31,3049
4061,4,8,2016-06-30,3184
4062,4,8,2016-07-31,3466
4063,4,8,2016-08-31,2957
4064,4,8,2016-09-30,2827
4065,4,8,2016-10-31,2769
4066,4,8,2016-11-30,2834
4067,4,8,2016-12-31,2077
4068,4,8,2017-01-31,1908
4069,4,8,2017-02-28,1908
4070,4,8,2017-03-31,2584
4071,4,8,2017-04-30,2870
4072,4,8,2017-05-31,3257
4073,4,8,2017-06-30,3286
4074,4,8,2017-07-31,3688
4075,4,8,2017-08-31,3130
4076,4,8,2017-09-30,2952
4077,4,8,2017-10-31,2756
4078,4,8,2017-11-30,2954
4079,4,8,2017-12-31,2203
4080,4,9,2013-01-31,943
4081,4,9,2013-02-28,999
4082,4,9,2013-03-31,1323
4083,4,9,2013-04-30,1435
4084,4,9,2013-05-31,1602
4085,4,9,2013-06-30,1620
4086,4,9,2013-07-31,1832
4087,4,9,2013-08-31,1563
4088,4,9,2013-09-30,1417
4089,4,9,2013-10-31,1396
4090,4,9,2013-11-30,1404
4091,4,9,2013-12-31,1007
4092,4,9,2014-01-31,1086
4093,4,9,2014-02-28,1121
4094,4,9,2014-03-31,1419
4095,4,9,2014-04-30,1597
4096,4,9,2014-05-31,1795
4097,4,9,2014-06-30,1917
4098,4,9,2014-07-31,2128
4099,4,9,2014-08-31,1805
4100,4,9,2014-09-30,1665
4101,4,9,2014-10-31,1537
4102,4,9,2014-11-30,1657
4103,4,9,2014-12-31,1181
4104,4,9,2015-01-31,1116
4105,4,9,2015-02-28,1145
4106,4,9,2015-03-31,1475
4107,4,9,2015-04-30,1628
4108,4,9,2015-05-31,1957
4109,4,9,2015-06-30,1976
4110,4,9,2015-07-31,2195
4111,4,9,2015-08-31,1999
4112,4,9,2015-09-30,1735
4113,4,9,2015-10-31,1682
4114,4,9,2015-11-30,1694
4115,4,9,2015-12-31,1273
4116,4,9,2016-01-31,1192
4117,4,9,2016-02-29,1236
4118,4,9,2016-03-31,1665
4119,4,9,2016-04-30,1836
4120,4,9,2016-05-31,1988
4121,4,9,2016-06-30,2166
4122,4,9,2016-07-31,2369
4123,4,9,2016-08-31,2132
4124,4,9,2016-09-30,1805
4125,4,9,2016-10-31,1713
4126,4,9,2016-11-30,1868
4127,4,9,2016-12-31,1347
4128,4,9,2017-01-31,1253
4129,4,9,2017-02-28,1329
4130,4,9,2017-03-31,1726
4131,4,9,2017-04-30,1922
4132,4,9,2017-05-31,2109
4133,4,9,2017-06-30,2099
4134,4,9,2017-07-31,2392
4135,4,9,2017-08-31,2067
4136,4,9,2017-09-30,1948
4137,4,9,2017-10-31,1786
4138,4,9,2017-11-30,1946
4139,4,9,2017-12-31,1466
4140,4,10,2013-01-31,1314
4141,4,10,2013-02-28,1268
4142,4,10,2013-03-31,1754
4143,4,10,2013-04-30,1982
4144,4,10,2013-05-31,2240
4145,4,10,2013-06-30,2428
4146,4,10,2013-07-31,2510
4147,4,10,2013-08-31,2243
4148,4,10,2013-09-30,2069
4149,4,10,2013-10-31,1991
4150,4,10,2013-11-30,2008
4151,4,10,2013-12-31,1471
4152,4,10,2014-01-31,1538
4153,4,10,2014-02-28,1619
4154,4,10,2014-03-31,2099
4155,4,10,2014-04-30,2376
4156,4,10,2014-05-31,2588
4157,4,10,2014-06-30,2675
4158,4,10,2014-07-31,2903
4159,4,10,2014-08-31,2728
4160,4,10,2014-09-30,2337
4161,4,10,2014-10-31,2284
4162,4,10,2014-11-30,2351
4163,4,10,2014-12-31,1691
4164,4,10,2015-01-31,1573
4165,4,10,2015-02-28,1601
4166,4,10,2015-03-31,2213
4167,4,10,2015-04-30,2471
4168,4,10,2015-05-31,2671
4169,4,10,2015-06-30,2683
4170,4,10,2015-07-31,3136
4171,4,10,2015-08-31,2708
4172,4,10,2015-09-30,2474
4173,4,10,2015-10-31,2347
4174,4,10,2015-11-30,2479
4175,4,10,2015-12-31,1805
4176,4,10,2016-01-31,1823
4177,4,10,2016-02-29,1795
4178,4,10,2016-03-31,2319
4179,4,10,2016-04-30,2611
4180,4,10,2016-05-31,2929
4181,4,10,2016-06-30,3067
4182,4,10,2016-07-31,3339
4183,4,10,2016-08-31,2841
4184,4,10,2016-09-30,2627
4185,4,10,2016-10-31,2508
4186,4,10,2016-11-30,2619
4187,4,10,2016-12-31,2018
4188,4,10,2017-01-31,1831
4189,4,10,2017-02-28,1832
4190,4,10,2017-03-31,2464
4191,4,10,2017-04-30,2777
4192,4,10,2017-05-31,3086
4193,4,10,2017-06-30,3102
4194,4,10,2017-07-31,3386
4195,4,10,2017-08-31,3003
4196,4,10,2017-09-30,2655
4197,4,10,2017-10-31,2633
4198,4,10,2017-11-30,2706
4199,4,10,2017-12-31,2090
4200,4,11,2013-01-31,1350
4201,4,11,2013-02-28,1275
4202,4,11,2013-03-31,1718
4203,4,11,2013-04-30,1898
4204,4,11,2013-05-31,2084
4205,4,11,2013-06-30,2294
4206,4,11,2013-07-31,2376
4207,4,11,2013-08-31,2185
4208,4,11,2013-09-30,1896
4209,4,11,2013-10-31,1827
4210,4,11,2013-11-30,1994
4211,4,11,2013-12-31,1412
4212,4,11,2014-01-31,1494
4213,4,11,2014-02-28,1483
4214,4,11,2014-03-31,1912
4215,4,11,2014-04-30,2253
4216,4,11,2014-05-31,2505
4217,4,11,2014-06-30,2486
4218,4,11,2014-07-31,2903
4219,4,11,2014-08-31,2487
4220,4,11,2014-09-30,2225
4221,4,11,2014-10-31,2189
4222,4,11,2014-11-30,2159
4223,4,11,2014-12-31,1621
4224,4,11,2015-01-31,1538
4225,4,11,2015-02-28,1563
4226,4,11,2015-03-31,2041
4227,4,11,2015-04-30,2305
4228,4,11,2015-05-31,2634
4229,4,11,2015-06-30,2684
4230,4,11,2015-07-31,2965
4231,4,11,2015-08-31,2532
4232,4,11,2015-09-30,2343
4233,4,11,2015-10-31,2247
4234,4,11,2015-11-30,2271
4235,4,11,2015-12-31,1695
4236,4,11,2016-01-31,1680
4237,4,11,2016-02-29,1698
4238,4,11,2016-03-31,2196
4239,4,11,2016-04-30,2438
4240,4,11,2016-05-31,2821
4241,4,11,2016-06-30,2889
4242,4,11,2016-07-31,3312
4243,4,11,2016-08-31,2702
4244,4,11,2016-09-30,2505
4245,4,11,2016-10-31,2428
4246,4,11,2016-11-30,2509
4247,4,11,2016-12-31,1857
4248,4,11,2017-01-31,1701
4249,4,11,2017-02-28,1675
4250,4,11,2017-03-31,2326
4251,4,11,2017-04-30,2545
4252,4,11,2017-05-31,2923
4253,4,11,2017-06-30,3118
4254,4,11,2017-07-31,3292
4255,4,11,2017-08-31,2833
4256,4,11,2017-09-30,2573
4257,4,11,2017-10-31,2440
4258,4,11,2017-11-30,2649
4259,4,11,2017-12-31,2076
4260,4,12,2013-01-31,1255
4261,4,12,2013-02-28,1406
4262,4,12,2013-03-31,1781
4263,4,12,2013-04-30,1943
4264,4,12,2013-05-31,2145
4265,4,12,2013-06-30,2228
4266,4,12,2013-07-31,2362
4267,4,12,2013-08-31,2165
4268,4,12,2013-09-30,1865
4269,4,12,2013-10-31,1848
4270,4,12,2013-11-30,1965
4271,4,12,2013-12-31,1425
4272,4,12,2014-01-31,1425
4273,4,12,2014-02-28,1497
4274,4,12,2014-03-31,1942
4275,4,12,2014-04-30,2212
4276,4,12,2014-05-31,2487
4277,4,12,2014-06-30,2517
4278,4,12,2014-07-31,2813
4279,4,12,2014-08-31,2439
4280,4,12,2014-09-30,2198
4281,4,12,2014-10-31,2153
4282,4,12,2014-11-30,2219
4283,4,12,2014-12-31,1593
4284,4,12,2015-01-31,1561
4285,4,12,2015-02-28,1585
4286,4,12,2015-03-31,2025
4287,4,12,2015-04-30,2278
4288,4,12,2015-05-31,2548
4289,4,12,2015-06-30,2609
4290,4,12,2015-07-31,2939
4291,4,12,2015-08-31,2486
4292,4,12,2015-09-30,2386
4293,4,12,2015-10-31,2131
4294,4,12,2015-11-30,2331
4295,4,12,2015-12-31,1697
4296,4,12,2016-01-31,1675
4297,4,12,2016-02-29,1767
4298,4,12,2016-03-31,2223
4299,4,12,2016-04-30,2527
4300,4,12,2016-05-31,2758
4301,4,12,2016-06-30,2870
4302,4,12,2016-07-31,3277
4303,4,12,2016-08-31,2658
4304,4,12,2016-09-30,2510
4305,4,12,2016-10-31,2465
4306,4,12,2016-11-30,2526
4307,4,12,2016-12-31,1818
4308,4,12,2017-01-31,1683
4309,4,12,2017-02-28,1761
4310,4,12,2017-03-31,2381
4311,4,12,2017-04-30,2518
4312,4,12,2017-05-31,2751
4313,4,12,2017-06-30,2939
4314,4,12,2017-07-31,3358
4315,4,12,2017-08-31,2838
4316,4,12,2017-09-30,2626
4317,4,12,2017-10-31,2426
4318,4,12,2017-11-30,2640
4319,4,12,2017-12-31,2032
4320,4,13,2013-01-31,1451
4321,4,13,2013-02-28,1542
4322,4,13,2013-03-31,2089
4323,4,13,2013-04-30,2327
4324,4,13,2013-05-31,2588
4325,4,13,2013-06-30,2728
4326,4,13,2013-07-31,2978
4327,4,13,2013-08-31,2553
4328,4,13,2013-09-30,2330
4329,4,13,2013-10-31,2309
4330,4,13,2013-11-30,2396
4331,4,13,2013-12-31,1738
4332,4,13,2014-01-31,1778
4333,4,13,2014-02-28,1794
4334,4,13,2014-03-31,2341
4335,4,13,2014-04-30,2678
4336,4,13,2014-05-31,3034
4337,4,13,2014-06-30,3038
4338,4,13,2014-07-31,3365
4339,4,13,2014-08-31,3005
4340,4,13,2014-09-30,2595
4341,4,13,2014-10-31,2697
4342,4,13,2014-11-30,2663
4343,4,13,2014-12-31,1937
4344,4,13,2015-01-31,1855
4345,4,13,2015-02-28,1890
4346,4,13,2015-03-31,2482
4347,4,13,2015-04-30,2778
4348,4,13,2015-05-31,3108
4349,4,13,2015-06-30,3103
4350,4,13,2015-07-31,3508
4351,4,13,2015-08-31,3212
4352,4,13,2015-09-30,2844
4353,4,13,2015-10-31,2758
4354,4,13,2015-11-30,2785
4355,4,13,2015-12-31,2061
4356,4,13,2016-01-31,2046
4357,4,13,2016-02-29,2073
4358,4,13,2016-03-31,2800
4359,4,13,2016-04-30,3061
4360,4,13,2016-05-31,3340
4361,4,13,2016-06-30,3550
4362,4,13,2016-07-31,3855
4363,4,13,2016-08-31,3418
4364,4,13,2016-09-30,3040
4365,4,13,2016-10-31,2939
4366,4,13,2016-11-30,3030
4367,4,13,2016-12-31,2241
4368,4,13,2017-01-31,2050
4369,4,13,2017-02-28,2041
4370,4,13,2017-03-31,2731
4371,4,13,2017-04-30,3233
4372,4,13,2017-05-31,3420
4373,4,13,2017-06-30,3583
4374,4,13,2017-07-31,3919
4375,4,13,2017-08-31,3477
4376,4,13,2017-09-30,3152
4377,4,13,2017-10-31,3002
4378,4,13,2017-11-30,3040
4379,4,13,2017-12-31,2413
4380,4,14,2013-01-31,1091
4381,4,14,2013-02-28,1050
4382,4,14,2013-03-31,1495
4383,4,14,2013-04-30,1651
4384,4,14,2013-05-31,1811
4385,4,14,2013-06-30,1781
4386,4,14,2013-07-31,2040
4387,4,14,2013-08-31,1845
4388,4,14,2013-09-30,1601
4389,4,14,2013-10-31,1608
4390,4,14,2013-11-30,1581
4391,4,14,2013-12-31,1183
4392,4,14,2014-01-31,1256
4393,4,14,2014-02-28,1322
4394,4,14,2014-03-31,1672
4395,4,14,2014-04-30,1857
4396,4,14,2014-05-31,2126
4397,4,14,2014-06-30,2126
4398,4,14,2014-07-31,2307
4399,4,14,2014-08-31,2048
4400,4,14,2014-09-30,1818
4401,4,14,2014-10-31,1839
4402,4,14,2014-11-30,1854
4403,4,14,2014-12-31,1273
4404,4,14,2015-01-31,1373
4405,4,14,2015-02-28,1307
4406,4,14,2015-03-31,1730
4407,4,14,2015-04-30,1931
4408,4,14,2015-05-31,2245
4409,4,14,2015-06-30,2197
4410,4,14,2015-07-31,2489
4411,4,14,2015-08-31,2173
4412,4,14,2015-09-30,1877
4413,4,14,2015-10-31,1830
4414,4,14,2015-11-30,1911
4415,4,14,2015-12-31,1485
4416,4,14,2016-01-31,1419
4417,4,14,2016-02-29,1512
4418,4,14,2016-03-31,1846
4419,4,14,2016-04-30,2120
4420,4,14,2016-05-31,2315
4421,4,14,2016-06-30,2532
4422,4,14,2016-07-31,2731
4423,4,14,2016-08-31,2382
4424,4,14,2016-09-30,2086
4425,4,14,2016-10-31,2046
4426,4,14,2016-11-30,2140
4427,4,14,2016-12-31,1579
4428,4,14,2017-01-31,1445
4429,4,14,2017-02-28,1426
4430,4,14,2017-03-31,1837
4431,4,14,2017-04-30,2230
4432,4,14,2017-05-31,2474
4433,4,14,2017-06-30,2518
4434,4,14,2017-07-31,2763
4435,4,14,2017-08-31,2455
4436,4,14,2017-09-30,2213
4437,4,14,2017-10-31,2068
4438,4,14,2017-11-30,2192
4439,4,14,2017-12-31,1656
4440,4,15,2013-01-31,1637
4441,4,15,2013-02-28,1669
4442,4,15,2013-03-31,2188
4443,4,15,2013-04-30,2447
4444,4,15,2013-05-31,2736
4445,4,15,2013-06-30,2764
4446,4,15,2013-07-31,3023
4447,4,15,2013-08-31,2792
4448,4,15,2013-09-30,2448
4449,4,15,2013-10-31,2307
4450,4,15,2013-11-30,2414
4451,4,15,2013-12-31,1796
4452,4,15,2014-01-31,1891
4453,4,15,2014-02-28,1765
4454,4,15,2014-03-31,2538
4455,4,15,2014-04-30,2715
4456,4,15,2014-05-31,3151
4457,4,15,2014-06-30,3064
4458,4,15,2014-07-31,3575
4459,4,15,2014-08-31,3200
4460,4,15,2014-09-30,2852
4461,4,15,2014-10-31,2667
4462,4,15,2014-11-30,2833
4463,4,15,2014-12-31,2063
4464,4,15,2015-01-31,1919
4465,4,15,2015-02-28,1934
4466,4,15,2015-03-31,2655
4467,4,15,2015-04-30,2886
4468,4,15,2015-05-31,3350
4469,4,15,2015-06-30,3264
4470,4,15,2015-07-31,3661
4471,4,15,2015-08-31,3171
4472,4,15,2015-09-30,2955
4473,4,15,2015-10-31,2801
4474,4,15,2015-11-30,3023
4475,4,15,2015-12-31,2193
4476,4,15,2016-01-31,2119
4477,4,15,2016-02-29,2213
4478,4,15,2016-03-31,2852
4479,4,15,2016-04-30,3148
4480,4,15,2016-05-31,3553
4481,4,15,2016-06-30,3626
4482,4,15,2016-07-31,4142
4483,4,15,2016-08-31,3448
4484,4,15,2016-09-30,3238
4485,4,15,2016-10-31,2946
4486,4,15,2016-11-30,3102
4487,4,15,2016-12-31,2351
4488,4,15,2017-01-31,2127
4489,4,15,2017-02-28,2192
4490,4,15,2017-03-31,2996
4491,4,15,2017-04-30,3280
4492,4,15,2017-05-31,3506
4493,4,15,2017-06-30,3730
4494,4,15,2017-07-31,4152
4495,4,15,2017-08-31,3710
4496,4,15,2017-09-30,3296
4497,4,15,2017-10-31,3270
4498,4,15,2017-11-30,3314
4499,4,15,2017-12-31,2528
4500,4,16,2013-01-31,419
4501,4,16,2013-02-28,516
4502,4,16,2013-03-31,600
4503,4,16,2013-04-30,736
4504,4,16,2013-05-31,770
4505,4,16,2013-06-30,854
4506,4,16,2013-07-31,922
4507,4,16,2013-08-31,782
4508,4,16,2013-09-30,704
4509,4,16,2013-10-31,722
4510,4,16,2013-11-30,712
4511,4,16,2013-12-31,523
4512,4,16,2014-01-31,541
4513,4,16,2014-02-28,533
4514,4,16,2014-03-31,788
4515,4,16,2014-04-30,867
4516,4,16,2014-05-31,901
4517,4,16,2014-06-30,965
4518,4,16,2014-07-31,932
4519,4,16,2014-08-31,921
4520,4,16,2014-09-30,769
4521,4,16,2014-10-31,760
4522,4,16,2014-11-30,890
4523,4,16,2014-12-31,630
4524,4,16,2015-01-31,564
4525,4,16,2015-02-28,555
4526,4,16,2015-03-31,771
4527,4,16,2015-04-30,892
4528,4,16,2015-05-31,932
4529,4,16,2015-06-30,999
4530,4,16,2015-07-31,1146
4531,4,16,2015-08-31,927
4532,4,16,2015-09-30,873
4533,4,16,2015-10-31,856
4534,4,16,2015-11-30,879
4535,4,16,2015-12-31,646
4536,4,16,2016-01-31,603
4537,4,16,2016-02-29,583
4538,4,16,2016-03-31,839
4539,4,16,2016-04-30,924
4540,4,16,2016-05-31,1061
4541,4,16,2016-06-30,1009
4542,4,16,2016-07-31,1181
4543,4,16,2016-08-31,1002
4544,4,16,2016-09-30,943
4545,4,16,2016-10-31,864
4546,4,16,2016-11-30,914
4547,4,16,2016-12-31,695
4548,4,16,2017-01-31,644
4549,4,16,2017-02-28,647
4550,4,16,2017-03-31,938
4551,4,16,2017-04-30,957
4552,4,16,2017-05-31,1109
4553,4,16,2017-06-30,1073
4554,4,16,2017-07-31,1243
4555,4,16,2017-08-31,1060
4556,4,16,2017-09-30,971
4557,4,16,2017-10-31,921
4558,4,16,2017-11-30,958
4559,4,16,2017-12-31,689
4560,4,17,2013-01-31,578
4561,4,17,2013-02-28,596
4562,4,17,2013-03-31,817
4563,4,17,2013-04-30,917
4564,4,17,2013-05-31,1023
4565,4,17,2013-06-30,1085
4566,4,17,2013-07-31,1110
4567,4,17,2013-08-31,1071
4568,4,17,2013-09-30,897
4569,4,17,2013-10-31,881
4570,4,17,2013-11-30,873
4571,4,17,2013-12-31,622
4572,4,17,2014-01-31,715
4573,4,17,2014-02-28,700
4574,4,17,2014-03-31,907
4575,4,17,2014-04-30,1045
4576,4,17,2014-05-31,1186
4577,4,17,2014-06-30,1221
4578,4,17,2014-07-31,1361
4579,4,17,2014-08-31,1212
4580,4,17,2014-09-30,1087
4581,4,17,2014-10-31,965
4582,4,17,2014-11-30,1007
4583,4,17,2014-12-31,769
4584,4,17,2015-01-31,701
4585,4,17,2015-02-28,726
4586,4,17,2015-03-31,967
4587,4,17,2015-04-30,1133
4588,4,17,2015-05-31,1174
4589,4,17,2015-06-30,1236
4590,4,17,2015-07-31,1446
4591,4,17,2015-08-31,1218
4592,4,17,2015-09-30,1062
4593,4,17,2015-10-31,1071
4594,4,17,2015-11-30,1103
4595,4,17,2015-12-31,786
4596,4,17,2016-01-31,825
4597,4,17,2016-02-29,782
4598,4,17,2016-03-31,1000
4599,4,17,2016-04-30,1131
4600,4,17,2016-05-31,1325
4601,4,17,2016-06-30,1376
4602,4,17,2016-07-31,1551
4603,4,17,2016-08-31,1339
4604,4,17,2016-09-30,1250
4605,4,17,2016-10-31,1131
4606,4,17,2016-11-30,1136
4607,4,17,2016-12-31,866
4608,4,17,2017-01-31,831
4609,4,17,2017-02-28,822
4610,4,17,2017-03-31,1099
4611,4,17,2017-04-30,1213
4612,4,17,2017-05-31,1375
4613,4,17,2017-06-30,1337
4614,4,17,2017-07-31,1513
4615,4,17,2017-08-31,1390
4616,4,17,2017-09-30,1317
4617,4,17,2017-10-31,1159
4618,4,17,2017-11-30,1163
4619,4,17,2017-12-31,893
4620,4,18,2013-01-31,1545
4621,4,18,2013-02-28,1576
4622,4,18,2013-03-31,2057
4623,4,18,2013-04-30,2358
4624,4,18,2013-05-31,2617
4625,4,18,2013-06-30,2704
4626,4,18,2013-07-31,2949
4627,4,18,2013-08-31,2638
4628,4,18,2013-09-30,2327
4629,4,18,2013-10-31,2189
4630,4,18,2013-11-30,2253
4631,4,18,2013-12-31,1704
4632,4,18,2014-01-31,1819
4633,4,18,2014-02-28,1757
4634,4,18,2014-03-31,2390
4635,4,18,2014-04-30,2626
4636,4,18,2014-05-31,3010
4637,4,18,2014-06-30,3038
4638,4,18,2014-07-31,3371
4639,4,18,2014-08-31,3016
4640,4,18,2014-09-30,2684
4641,4,18,2014-10-31,2509
4642,4,18,2014-11-30,2720
4643,4,18,2014-12-31,2000
4644,4,18,2015-01-31,1805
4645,4,18,2015-02-28,1964
4646,4,18,2015-03-31,2461
4647,4,18,2015-04-30,2747
4648,4,18,2015-05-31,3177
4649,4,18,2015-06-30,3189
4650,4,18,2015-07-31,3414
4651,4,18,2015-08-31,3098
4652,4,18,2015-09-30,2690
4653,4,18,2015-10-31,2737
4654,4,18,2015-11-30,2860
4655,4,18,2015-12-31,2086
4656,4,18,2016-01-31,2063
4657,4,18,2016-02-29,2079
4658,4,18,2016-03-31,2642
4659,4,18,2016-04-30,3046
4660,4,18,2016-05-31,3310
4661,4,18,2016-06-30,3359
4662,4,18,2016-07-31,3866
4663,4,18,2016-08-31,3375
4664,4,18,2016-09-30,2945
4665,4,18,2016-10-31,2964
4666,4,18,2016-11-30,3074
4667,4,18,2016-12-31,2332
4668,4,18,2017-01-31,2125
4669,4,18,2017-02-28,2073
4670,4,18,2017-03-31,2741
4671,4,18,2017-04-30,3223
4672,4,18,2017-05-31,3471
4673,4,18,2017-06-30,3711
4674,4,18,2017-07-31,3931
4675,4,18,2017-08-31,3544
4676,4,18,2017-09-30,3144
4677,4,18,2017-10-31,3047
4678,4,18,2017-11-30,3134
4679,4,18,2017-12-31,2320
4680,4,19,2013-01-31,689
4681,4,19,2013-02-28,780
4682,4,19,2013-03-31,956
4683,4,19,2013-04-30,1068
4684,4,19,2013-05-31,1244
4685,4,19,2013-06-30,1319
4686,4,19,2013-07-31,1484
4687,4,19,2013-08-31,1272
4688,4,19,2013-09-30,1092
4689,4,19,2013-10-31,1051
4690,4,19,2013-11-30,1107
4691,4,19,2013-12-31,840
4692,4,19,2014-01-31,872
4693,4,19,2014-02-28,843
4694,4,19,2014-03-31,1206
4695,4,19,2014-04-30,1319
4696,4,19,2014-05-31,1447
4697,4,19,2014-06-30,1530
4698,4,19,2014-07-31,1607
4699,4,19,2014-08-31,1401
4700,4,19,2014-09-30,1315
4701,4,19,2014-10-31,1176
4702,4,19,2014-11-30,1298
4703,4,19,2014-12-31,930
4704,4,19,2015-01-31,896
4705,4,19,2015-02-28,896
4706,4,19,2015-03-31,1236
4707,4,19,2015-04-30,1314
4708,4,19,2015-05-31,1428
4709,4,19,2015-06-30,1499
4710,4,19,2015-07-31,1690
4711,4,19,2015-08-31,1501
4712,4,19,2015-09-30,1285
4713,4,19,2015-10-31,1261
4714,4,19,2015-11-30,1360
4715,4,19,2015-12-31,1011
4716,4,19,2016-01-31,947
4717,4,19,2016-02-29,1008
4718,4,19,2016-03-31,1219
4719,4,19,2016-04-30,1474
4720,4,19,2016-05-31,1591
4721,4,19,2016-06-30,1642
4722,4,19,2016-07-31,1857
4723,4,19,2016-08-31,1592
4724,4,19,2016-09-30,1508
4725,4,19,2016-10-31,1409
4726,4,19,2016-11-30,1472
4727,4,19,2016-12-31,1106
4728,4,19,2017-01-31,1045
4729,4,19,2017-02-28,973
4730,4,19,2017-03-31,1321
4731,4,19,2017-04-30,1498
4732,4,19,2017-05-31,1700
4733,4,19,2017-06-30,1653
4734,4,19,2017-07-31,1938
4735,4,19,2017-08-31,1636
4736,4,19,2017-09-30,1537
4737,4,19,2017-10-31,1468
4738,4,19,2017-11-30,1514
4739,4,19,2017-12-31,1157
4740,4,20,2013-01-31,888
4741,4,20,2013-02-28,936
4742,4,20,2013-03-31,1194
4743,4,20,2013-04-30,1293
4744,4,20,2013-05-31,1400
4745,4,20,2013-06-30,1529
4746,4,20,2013-07-31,1652
4747,4,20,2013-08-31,1473
4748,4,20,2013-09-30,1353
4749,4,20,2013-10-31,1227
4750,4,20,2013-11-30,1315
4751,4,20,2013-12-31,982
4752,4,20,2014-01-31,986
4753,4,20,2014-02-28,1007
4754,4,20,2014-03-31,1326
4755,4,20,2014-04-30,1526
4756,4,20,2014-05-31,1711
4757,4,20,2014-06-30,1718
4758,4,20,2014-07-31,1842
4759,4,20,2014-08-31,1681
4760,4,20,2014-09-30,1553
4761,4,20,2014-10-31,1511
4762,4,20,2014-11-30,1532
4763,4,20,2014-12-31,1111
4764,4,20,2015-01-31,1098
4765,4,20,2015-02-28,1069
4766,4,20,2015-03-31,1415
4767,4,20,2015-04-30,1592
4768,4,20,2015-05-31,1763
4769,4,20,2015-06-30,1782
4770,4,20,2015-07-31,2008
4771,4,20,2015-08-31,1788
4772,4,20,2015-09-30,1618
4773,4,20,2015-10-31,1543
4774,4,20,2015-11-30,1504
4775,4,20,2015-12-31,1218
4776,4,20,2016-01-31,1136
4777,4,20,2016-02-29,1216
4778,4,20,2016-03-31,1482
4779,4,20,2016-04-30,1674
4780,4,20,2016-05-31,1940
4781,4,20,2016-06-30,1893
4782,4,20,2016-07-31,2140
4783,4,20,2016-08-31,1867
4784,4,20,2016-09-30,1754
4785,4,20,2016-10-31,1617
4786,4,20,2016-11-30,1702
4787,4,20,2016-12-31,1262
4788,4,20,2017-01-31,1184
4789,4,20,2017-02-28,1215
4790,4,20,2017-03-31,1498
4791,4,20,2017-04-30,1840
4792,4,20,2017-05-31,2002
4793,4,20,2017-06-30,1997
4794,4,20,2017-07-31,2226
4795,4,20,2017-08-31,2007
4796,4,20,2017-09-30,1766
4797,4,20,2017-10-31,1698
4798,4,20,2017-11-30,1812
4799,4,20,2017-12-31,1269
4800,5,1,2013-01-31,294
4801,5,1,2013-02-28,292
4802,5,1,2013-03-31,396
4803,5,1,2013-04-30,406
4804,5,1,2013-05-31,493
4805,5,1,2013-06-30,505
4806,5,1,2013-07-31,532
4807,5,1,2013-08-31,502
4808,5,1,2013-09-30,450
4809,5,1,2013-10-31,441
4810,5,1,2013-11-30,453
4811,5,1,2013-12-31,328
4812,5,1,2014-01-31,337
4813,5,1,2014-02-28,325
4814,5,1,2014-03-31,428
4815,5,1,2014-04-30,519
4816,5,1,2014-05-31,559
4817,5,1,2014-06-30,615
4818,5,1,2014-07-31,623
4819,5,1,2014-08-31,509
4820,5,1,2014-09-30,496
4821,5,1,2014-10-31,493
4822,5,1,2014-11-30,499
4823,5,1,2014-12-31,383
4824,5,1,2015-01-31,367
4825,5,1,2015-02-28,365
4826,5,1,2015-03-31,460
4827,5,1,2015-04-30,536
4828,5,1,2015-05-31,595
4829,5,1,2015-06-30,642
4830,5,1,2015-07-31,654
4831,5,1,2015-08-31,597
4832,5,1,2015-09-30,543
4833,5,1,2015-10-31,484
4834,5,1,2015-11-30,537
4835,5,1,2015-12-31,411
4836,5,1,2016-01-31,390
4837,5,1,2016-02-29,400
4838,5,1,2016-03-31,460
4839,5,1,2016-04-30,582
4840,5,1,2016-05-31,649
4841,5,1,2016-06-30,680
4842,5,1,2016-07-31,727
4843,5,1,2016-08-31,594
4844,5,1,2016-09-30,567
4845,5,1,2016-10-31,540
4846,5,1,2016-11-30,569
4847,5,1,2016-12-31,422
4848,5,1,2017-01-31,375
4849,5,1,2017-02-28,431
4850,5,1,2017-03-31,524
4851,5,1,2017-04-30,594
4852,5,1,2017-05-31,646
4853,5,1,2017-06-30,691
4854,5,1,2017-07-31,731
4855,5,1,2017-08-31,653
4856,5,1,2017-09-30,610
4857,5,1,2017-10-31,608
4858,5,1,2017-11-30,593
4859,5,1,2017-12-31,461
4860,5,2,2013-01-31,774
4861,5,2,2013-02-28,823
4862,5,2,2013-03-31,1034
4863,5,2,2013-04-30,1125
4864,5,2,2013-05-31,1278
4865,5,2,2013-06-30,1306
4866,5,2,2013-07-31,1410
4867,5,2,2013-08-31,1294
4868,5,2,2013-09-30,1154
4869,5,2,2013-10-31,1124
4870,5,2,2013-11-30,1223
4871,5,2,2013-12-31,846
4872,5,2,2014-01-31,920
4873,5,2,2014-02-28,863
4874,5,2,2014-03-31,1202
4875,5,2,2014-04-30,1377
4876,5,2,2014-05-31,1518
4877,5,2,2014-06-30,1527
4878,5,2,2014-07-31,1735
4879,5,2,2014-08-31,1446
4880,5,2,2014-09-30,1384
4881,5,2,2014-10-31,1245
4882,5,2,2014-11-30,1331
4883,5,2,2014-12-31,1013
4884,5,2,2015-01-31,951
4885,5,2,2015-02-28,918
4886,5,2,2015-03-31,1340
4887,5,2,2015-04-30,1481
4888,5,2,2015-05-31,1593
4889,5,2,2015-06-30,1515
4890,5,2,2015-07-31,1730
4891,5,2,2015-08-31,1541
4892,5,2,2015-09-30,1393
4893,5,2,2015-10-31,1302
4894,5,2,2015-11-30,1433
4895,5,2,2015-12-31,1072
4896,5,2,2016-01-31,1092
4897,5,2,2016-02-29,1056
4898,5,2,2016-03-31,1414
4899,5,2,2016-04-30,1490
4900,5,2,2016-05-31,1785
4901,5,2,2016-06-30,1719
4902,5,2,2016-07-31,1842
4903,5,2,2016-08-31,1633
4904,5,2,2016-09-30,1486
4905,5,2,2016-10-31,1477
4906,5,2,2016-11-30,1520
4907,5,2,2016-12-31,1154
4908,5,2,2017-01-31,1016
4909,5,2,2017-02-28,1090
4910,5,2,2017-03-31,1457
4911,5,2,2017-04-30,1568
4912,5,2,2017-05-31,1779
4913,5,2,2017-06-30,1829
4914,5,2,2017-07-31,1988
4915,5,2,2017-08-31,1762
4916,5,2,2017-09-30,1647
4917,5,2,2017-10-31,1452
4918,5,2,2017-11-30,1543
4919,5,2,2017-12-31,1216
4920,5,3,2013-01-31,467
4921,5,3,2013-02-28,493
4922,5,3,2013-03-31,659
4923,5,3,2013-04-30,768
4924,5,3,2013-05-31,806
4925,5,3,2013-06-30,839
4926,5,3,2013-07-31,983
4927,5,3,2013-08-31,832
4928,5,3,2013-09-30,723
4929,5,3,2013-10-31,710
4930,5,3,2013-11-30,721
4931,5,3,2013-12-31,539
4932,5,3,2014-01-31,562
4933,5,3,2014-02-28,575
4934,5,3,2014-03-31,737
4935,5,3,2014-04-30,788
4936,5,3,2014-05-31,893
4937,5,3,2014-06-30,1009
4938,5,3,2014-07-31,1065
4939,5,3,2014-08-31,952
4940,5,3,2014-09-30,821
4941,5,3,2014-10-31,814
4942,5,3,2014-11-30,816
4943,5,3,2014-12-31,629
4944,5,3,2015-01-31,618
4945,5,3,2015-02-28,583
4946,5,3,2015-03-31,792
4947,5,3,2015-04-30,834
4948,5,3,2015-05-31,958
4949,5,3,2015-06-30,987
4950,5,3,2015-07-31,1106
4951,5,3,2015-08-31,999
4952,5,3,2015-09-30,926
4953,5,3,2015-10-31,860
4954,5,3,2015-11-30,864
4955,5,3,2015-12-31,621
4956,5,3,2016-01-31,645
4957,5,3,2016-02-29,635
4958,5,3,2016-03-31,796
4959,5,3,2016-04-30,995
4960,5,3,2016-05-31,1054
4961,5,3,2016-06-30,1111
4962,5,3,2016-07-31,1192
4963,5,3,2016-08-31,1072
4964,5,3,2016-09-30,977
4965,5,3,2016-10-31,901
4966,5,3,2016-11-30,972
4967,5,3,2016-12-31,698
4968,5,3,2017-01-31,618
4969,5,3,2017-02-28,646
4970,5,3,2017-03-31,884
4971,5,3,2017-04-30,1024
4972,5,3,2017-05-31,1086
4973,5,3,2017-06-30,1092
4974,5,3,2017-07-31,1273
4975,5,3,2017-08-31,1087
4976,5,3,2017-09-30,988
4977,5,3,2017-10-31,924
4978,5,3,2017-11-30,1043
4979,5,3,2017-12-31,766
4980,5,4,2013-01-31,275
4981,5,4,2013-02-28,303
4982,5,4,2013-03-31,357
4983,5,4,2013-04-30,465
4984,5,4,2013-05-31,526
4985,5,4,2013-06-30,501
4986,5,4,2013-07-31,485
4987,5,4,2013-08-31,486
4988,5,4,2013-09-30,419
4989,5,4,2013-10-31,417
4990,5,4,2013-11-30,424
4991,5,4,2013-12-31,353
4992,5,4,2014-01-31,304
4993,5,4,2014-02-28,315
4994,5,4,2014-03-31,471
4995,5,4,2014-04-30,527
4996,5,4,2014-05-31,548
4997,5,4,2014-06-30,552
4998,5,4,2014-07-31,609
4999,5,4,2014-08-31,585
5000,5,4,2014-09-30,486
5001,5,4,2014-10-31,490
5002,5,4,2014-11-30,531
5003,5,4,2014-12-31,395
5004,5,4,2015-01-31,347
5005,5,4,2015-02-28,364
5006,5,4,2015-03-31,470
5007,5,4,2015-04-30,550
5008,5,4,2015-05-31,580
5009,5,4,2015-06-30,651
5010,5,4,2015-07-31,666
5011,5,4,2015-08-31,621
5012,5,4,2015-09-30,501
5013,5,4,2015-10-31,518
5014,5,4,2015-11-30,555
5015,5,4,2015-12-31,404
5016,5,4,2016-01-31,397
5017,5,4,2016-02-29,424
5018,5,4,2016-03-31,518
5019,5,4,2016-04-30,566
5020,5,4,2016-05-31,670
5021,5,4,2016-06-30,658
5022,5,4,2016-07-31,693
5023,5,4,2016-08-31,641
5024,5,4,2016-09-30,592
5025,5,4,2016-10-31,599
5026,5,4,2016-11-30,593
5027,5,4,2016-12-31,454
5028,5,4,2017-01-31,369
5029,5,4,2017-02-28,408
5030,5,4,2017-03-31,543
5031,5,4,2017-04-30,609
5032,5,4,2017-05-31,612
5033,5,4,2017-06-30,679
5034,5,4,2017-07-31,727
5035,5,4,2017-08-31,598
5036,5,4,2017-09-30,612
5037,5,4,2017-10-31,565
5038,5,4,2017-11-30,604
5039,5,4,2017-12-31,452
5040,5,5,2013-01-31,239
5041,5,5,2013-02-28,288
5042,5,5,2013-03-31,332
5043,5,5,2013-04-30,362
5044,5,5,2013-05-31,426
5045,5,5,2013-06-30,428
5046,5,5,2013-07-31,516
5047,5,5,2013-08-31,396
5048,5,5,2013-09-30,358
5049,5,5,2013-10-31,339
5050,5,5,2013-11-30,391
5051,5,5,2013-12-31,254
5052,5,5,2014-01-31,270
5053,5,5,2014-02-28,281
5054,5,5,2014-03-31,348
5055,5,5,2014-04-30,438
5056,5,5,2014-05-31,459
5057,5,5,2014-06-30,479
5058,5,5,2014-07-31,573
5059,5,5,2014-08-31,486
5060,5,5,2014-09-30,411
5061,5,5,2014-10-31,400
5062,5,5,2014-11-30,454
5063,5,5,2014-12-31,311
5064,5,5,2015-01-31,290
5065,5,5,2015-02-28,307
5066,5,5,2015-03-31,383
5067,5,5,2015-04-30,420
5068,5,5,2015-05-31,507
5069,5,5,2015-06-30,482
5070,5,5,2015-07-31,574
5071,5,5,2015-08-31,494
5072,5,5,2015-09-30,432
5073,5,5,2015-10-31,447
5074,5,5,2015-11-30,411
5075,5,5,2015-12-31,315
5076,5,5,2016-01-31,294
5077,5,5,2016-02-29,340
5078,5,5,2016-03-31,409
5079,5,5,2016-04-30,515
5080,5,5,2016-05-31,553
5081,5,5,2016-06-30,558
5082,5,5,2016-07-31,612
5083,5,5,2016-08-31,508
5084,5,5,2016-09-30,465
5085,5,5,2016-10-31,471
5086,5,5,2016-11-30,471
5087,5,5,2016-12-31,351
5088,5,5,2017-01-31,357
5089,5,5,2017-02-28,342
5090,5,5,2017-03-31,457
5091,5,5,2017-04-30,511
5092,5,5,2017-05-31,544
5093,5,5,2017-06-30,565
5094,5,5,2017-07-31,692
5095,5,5,2017-08-31,533
5096,5,5,2017-09-30,500
5097,5,5,2017-10-31,469
5098,5,5,2017-11-30,505
5099,5,5,2017-12-31,399
5100,5,6,2013-01-31,767
5101,5,6,2013-02-28,803
5102,5,6,2013-03-31,1058
5103,5,6,2013-04-30,1180
5104,5,6,2013-05-31,1277
5105,5,6,2013-06-30,1471
5106,5,6,2013-07-31,1514
5107,5,6,2013-08-31,1321
5108,5,6,2013-09-30,1065
5109,5,6,2013-10-31,1139
5110,5,6,2013-11-30,1193
5111,5,6,2013-12-31,806
5112,5,6,2014-01-31,873
5113,5,6,2014-02-28,878
5114,5,6,2014-03-31,1222
5115,5,6,2014-04-30,1352
5116,5,6,2014-05-31,1547
5117,5,6,2014-06-30,1578
5118,5,6,2014-07-31,1700
5119,5,6,2014-08-31,1467
5120,5,6,2014-09-30,1373
5121,5,6,2014-10-31,1275
5122,5,6,2014-11-30,1416
5123,5,6,2014-12-31,979
5124,5,6,2015-01-31,926
5125,5,6,2015-02-28,926
5126,5,6,2015-03-31,1321
5127,5,6,2015-04-30,1373
5128,5,6,2015-05-31,1580
5129,5,6,2015-06-30,1573
5130,5,6,2015-07-31,1801
5131,5,6,2015-08-31,1594
5132,5,6,2015-09-30,1409
5133,5,6,2015-10-31,1333
5134,5,6,2015-11-30,1362
5135,5,6,2015-12-31,1009
5136,5,6,2016-01-31,955
5137,5,6,2016-02-29,1075
5138,5,6,2016-03-31,1350
5139,5,6,2016-04-30,1519
5140,5,6,2016-05-31,1677
5141,5,6,2016-06-30,1668
5142,5,6,2016-07-31,1971
5143,5,6,2016-08-31,1761
5144,5,6,2016-09-30,1560
5145,5,6,2016-10-31,1435
5146,5,6,2016-11-30,1481
5147,5,6,2016-12-31,1140
5148,5,6,2017-01-31,1063
5149,5,6,2017-02-28,1081
5150,5,6,2017-03-31,1420
5151,5,6,2017-04-30,1642
5152,5,6,2017-05-31,1711
5153,5,6,2017-06-30,1793
5154,5,6,2017-07-31,1987
5155,5,6,2017-08-31,1747
5156,5,6,2017-09-30,1599
5157,5,6,2017-10-31,1554
5158,5,6,2017-11-30,1570
5159,5,6,2017-12-31,1155
5160,5,7,2013-01-31,796
5161,5,7,2013-02-28,765
5162,5,7,2013-03-31,1037
5163,5,7,2013-04-30,1194
5164,5,7,2013-05-31,1301
5165,5,7,2013-06-30,1280
5166,5,7,2013-07-31,1484
5167,5,7,2013-08-31,1329
5168,5,7,2013-09-30,1136
5169,5,7,2013-10-31,1117
5170,5,7,2013-11-30,1166
5171,5,7,2013-12-31,848
5172,5,7,2014-01-31,896
5173,5,7,2014-02-28,876
5174,5,7,2014-03-31,1152
5175,5,7,2014-04-30,1419
5176,5,7,2014-05-31,1497
5177,5,7,2014-06-30,1538
5178,5,7,2014-07-31,1640
5179,5,7,2014-08-31,1463
5180,5,7,2014-09-30,1346
5181,5,7,2014-10-31,1243
5182,5,7,2014-11-30,1354
5183,5,7,2014-12-31,977
5184,5,7,2015-01-31,978
5185,5,7,2015-02-28,969
5186,5,7,2015-03-31,1268
5187,5,7,2015-04-30,1428
5188,5,7,2015-05-31,1558
5189,5,7,2015-06-30,1619
5190,5,7,2015-07-31,1722
5191,5,7,2015-08-31,1587
5192,5,7,2015-09-30,1436
5193,5,7,2015-10-31,1384
5194,5,7,2015-11-30,1421
5195,5,7,2015-12-31,1034
5196,5,7,2016-01-31,1040
5197,5,7,2016-02-29,1063
5198,5,7,2016-03-31,1379
5199,5,7,2016-04-30,1479
5200,5,7,2016-05-31,1700
5201,5,7,2016-06-30,1837
5202,5,7,2016-07-31,1921
5203,5,7,2016-08-31,1737
5204,5,7,2016-09-30,1559
5205,5,7,2016-10-31,1467
5206,5,7,2016-11-30,1483
5207,5,7,2016-12-31,1111
5208,5,7,2017-01-31,986
5209,5,7,2017-02-28,1082
5210,5,7,2017-03-31,1350
5211,5,7,2017-04-30,1616
5212,5,7,2017-05-31,1714
5213,5,7,2017-06-30,1813
5214,5,7,2017-07-31,2015
5215,5,7,2017-08-31,1762
5216,5,7,2017-09-30,1615
5217,5,7,2017-10-31,1528
5218,5,7,2017-11-30,1639
5219,5,7,2017-12-31,1168
5220,5,8,2013-01-31,1014
5221,5,8,2013-02-28,1031
5222,5,8,2013-03-31,1424
5223,5,8,2013-04-30,1535
5224,5,8,2013-05-31,1688
5225,5,8,2013-06-30,1811
5226,5,8,2013-07-31,1962
5227,5,8,2013-08-31,1695
5228,5,8,2013-09-30,1519
5229,5,8,2013-10-31,1425
5230,5,8,2013-11-30,1548
5231,5,8,2013-12-31,1127
5232,5,8,2014-01-31,1145
5233,5,8,2014-02-28,1155
5234,5,8,2014-03-31,1567
5235,5,8,2014-04-30,1845
5236,5,8,2014-05-31,2038
5237,5,8,2014-06-30,1945
5238,5,8,2014-07-31,2206
5239,5,8,2014-08-31,1949
5240,5,8,2014-09-30,1655
5241,5,8,2014-10-31,1703
5242,5,8,2014-11-30,1844
5243,5,8,2014-12-31,1356
5244,5,8,2015-01-31,1237
5245,5,8,2015-02-28,1235
5246,5,8,2015-03-31,1724
5247,5,8,2015-04-30,1803
5248,5,8,2015-05-31,2152
5249,5,8,2015-06-30,2013
5250,5,8,2015-07-31,2281
5251,5,8,2015-08-31,2120
5252,5,8,2015-09-30,1864
5253,5,8,2015-10-31,1746
5254,5,8,2015-11-30,1769
5255,5,8,2015-12-31,1377
5256,5,8,2016-01-31,1358
5257,5,8,2016-02-29,1372
5258,5,8,2016-03-31,1711
5259,5,8,2016-04-30,2023
5260,5,8,2016-05-31,2266
5261,5,8,2016-06-30,2203
5262,5,8,2016-07-31,2533
5263,5,8,2016-08-31,2186
5264,5,8,2016-09-30,2023
5265,5,8,2016-10-31,1999
5266,5,8,2016-11-30,2068
5267,5,8,2016-12-31,1509
5268,5,8,2017-01-31,1372
5269,5,8,2017-02-28,1362
5270,5,8,2017-03-31,1912
5271,5,8,2017-04-30,2162
5272,5,8,2017-05-31,2221
5273,5,8,2017-06-30,2436
5274,5,8,2017-07-31,2646
5275,5,8,2017-08-31,2284
5276,5,8,2017-09-30,2170
5277,5,8,2017-10-31,1971
5278,5,8,2017-11-30,2100
5279,5,8,2017-12-31,1546
5280,5,9,2013-01-31,673
5281,5,9,2013-02-28,681
5282,5,9,2013-03-31,934
5283,5,9,2013-04-30,947
5284,5,9,2013-05-31,1116
5285,5,9,2013-06-30,1279
5286,5,9,2013-07-31,1277
5287,5,9,2013-08-31,1069
5288,5,9,2013-09-30,1027
5289,5,9,2013-10-31,999
5290,5,9,2013-11-30,1048
5291,5,9,2013-12-31,738
5292,5,9,2014-01-31,782
5293,5,9,2014-02-28,791
5294,5,9,2014-03-31,1053
5295,5,9,2014-04-30,1174
5296,5,9,2014-05-31,1290
5297,5,9,2014-06-30,1315
5298,5,9,2014-07-31,1478
5299,5,9,2014-08-31,1343
5300,5,9,2014-09-30,1179
5301,5,9,2014-10-31,1167
5302,5,9,2014-11-30,1219
5303,5,9,2014-12-31,914
5304,5,9,2015-01-31,787
5305,5,9,2015-02-28,798
5306,5,9,2015-03-31,1061
5307,5,9,2015-04-30,1250
5308,5,9,2015-05-31,1378
5309,5,9,2015-06-30,1440
5310,5,9,2015-07-31,1561
5311,5,9,2015-08-31,1365
5312,5,9,2015-09-30,1236
5313,5,9,2015-10-31,1196
5314,5,9,2015-11-30,1251
5315,5,9,2015-12-31,904
5316,5,9,2016-01-31,876
5317,5,9,2016-02-29,938
5318,5,9,2016-03-31,1117
5319,5,9,2016-04-30,1306
5320,5,9,2016-05-31,1455
5321,5,9,2016-06-30,1496
5322,5,9,2016-07-31,1657
5323,5,9,2016-08-31,1460
5324,5,9,2016-09-30,1341
5325,5,9,2016-10-31,1361
5326,5,9,2016-11-30,1286
5327,5,9,2016-12-31,1003
5328,5,9,2017-01-31,920
5329,5,9,2017-02-28,959
5330,5,9,2017-03-31,1277
5331,5,9,2017-04-30,1327
5332,5,9,2017-05-31,1486
5333,5,9,2017-06-30,1590
5334,5,9,2017-07-31,1711
5335,5,9,2017-08-31,1528
5336,5,9,2017-09-30,1363
5337,5,9,2017-10-31,1380
5338,5,9,2017-11-30,1353
5339,5,9,2017-12-31,1007
5340,5,10,2013-01-31,953
5341,5,10,2013-02-28,1018
5342,5,10,2013-03-31,1295
5343,5,10,2013-04-30,1448
5344,5,10,2013-05-31,1584
5345,5,10,2013-06-30,1792
5346,5,10,2013-07-31,1837
5347,5,10,2013-08-31,1608
5348,5,10,2013-09-30,1491
5349,5,10,2013-10-31,1357
5350,5,10,2013-11-30,1381
5351,5,10,2013-12-31,1078
5352,5,10,2014-01-31,1138
5353,5,10,2014-02-28,1095
5354,5,10,2014-03-31,1375
5355,5,10,2014-04-30,1630
5356,5,10,2014-05-31,1837
5357,5,10,2014-06-30,1865
5358,5,10,2014-07-31,2085
5359,5,10,2014-08-31,1919
5360,5,10,2014-09-30,1674
5361,5,10,2014-10-31,1609
5362,5,10,2014-11-30,1721
5363,5,10,2014-12-31,1250
5364,5,10,2015-01-31,1180
5365,5,10,2015-02-28,1232
5366,5,10,2015-03-31,1544
5367,5,10,2015-04-30,1787
5368,5,10,2015-05-31,1959
5369,5,10,2015-06-30,2053
5370,5,10,2015-07-31,2250
5371,5,10,2015-08-31,1932
5372,5,10,2015-09-30,1775
5373,5,10,2015-10-31,1743
5374,5,10,2015-11-30,1688
5375,5,10,2015-12-31,1246
5376,5,10,2016-01-31,1341
5377,5,10,2016-02-29,1301
5378,5,10,2016-03-31,1677
5379,5,10,2016-04-30,1894
5380,5,10,2016-05-31,2065
5381,5,10,2016-06-30,2098
5382,5,10,2016-07-31,2466
5383,5,10,2016-08-31,2125
5384,5,10,2016-09-30,1936
5385,5,10,2016-10-31,1803
5386,5,10,2016-11-30,1837
5387,5,10,2016-12-31,1390
5388,5,10,2017-01-31,1356
5389,5,10,2017-02-28,1347
5390,5,10,2017-03-31,1765
5391,5,10,2017-04-30,1986
5392,5,10,2017-05-31,2096
5393,5,10,2017-06-30,2191
5394,5,10,2017-07-31,2555
5395,5,10,2017-08-31,2253
5396,5,10,2017-09-30,2071
5397,5,10,2017-10-31,1885
5398,5,10,2017-11-30,2024
5399,5,10,2017-12-31,1470
5400,5,11,2013-01-31,915
5401,5,11,2013-02-28,930
5402,5,11,2013-03-31,1284
5403,5,11,2013-04-30,1486
5404,5,11,2013-05-31,1599
5405,5,11,2013-06-30,1611
5406,5,11,2013-07-31,1740
5407,5,11,2013-08-31,1592
5408,5,11,2013-09-30,1416
5409,5,11,2013-10-31,1331
5410,5,11,2013-11-30,1358
5411,5,11,2013-12-31,982
5412,5,11,2014-01-31,1050
5413,5,11,2014-02-28,1045
5414,5,11,2014-03-31,1415
5415,5,11,2014-04-30,1641
5416,5,11,2014-05-31,1751
5417,5,11,2014-06-30,1819
5418,5,11,2014-07-31,2002
5419,5,11,2014-08-31,1768
5420,5,11,2014-09-30,1578
5421,5,11,2014-10-31,1483
5422,5,11,2014-11-30,1657
5423,5,11,2014-12-31,1128
5424,5,11,2015-01-31,1098
5425,5,11,2015-02-28,1072
5426,5,11,2015-03-31,1468
5427,5,11,2015-04-30,1635
5428,5,11,2015-05-31,1876
5429,5,11,2015-06-30,1866
5430,5,11,2015-07-31,2042
5431,5,11,2015-08-31,1844
5432,5,11,2015-09-30,1643
5433,5,11,2015-10-31,1648
5434,5,11,2015-11-30,1686
5435,5,11,2015-12-31,1278
5436,5,11,2016-01-31,1206
5437,5,11,2016-02-29,1283
5438,5,11,2016-03-31,1610
5439,5,11,2016-04-30,1854
5440,5,11,2016-05-31,2020
5441,5,11,2016-06-30,2058
5442,5,11,2016-07-31,2338
5443,5,11,2016-08-31,1986
5444,5,11,2016-09-30,1870
5445,5,11,2016-10-31,1721
5446,5,11,2016-11-30,1825
5447,5,11,2016-12-31,1372
5448,5,11,2017-01-31,1287
5449,5,11,2017-02-28,1236
5450,5,11,2017-03-31,1673
5451,5,11,2017-04-30,1900
5452,5,11,2017-05-31,2069
5453,5,11,2017-06-30,2233
5454,5,11,2017-07-31,2424
5455,5,11,2017-08-31,2113
5456,5,11,2017-09-30,1812
5457,5,11,2017-10-31,1844
5458,5,11,2017-11-30,1854
5459,5,11,2017-12-31,1417
5460,5,12,2013-01-31,946
5461,5,12,2013-02-28,953
5462,5,12,2013-03-31,1240
5463,5,12,2013-04-30,1343
5464,5,12,2013-05-31,1593
5465,5,12,2013-06-30,1607
5466,5,12,2013-07-31,1715
5467,5,12,2013-08-31,1565
5468,5,12,2013-09-30,1444
5469,5,12,2013-10-31,1318
5470,5,12,2013-11-30,1408
5471,5,12,2013-12-31,999
5472,5,12,2014-01-31,1072
5473,5,12,2014-02-28,1089
5474,5,12,2014-03-31,1460
5475,5,12,2014-04-30,1656
5476,5,12,2014-05-31,1845
5477,5,12,2014-06-30,1782
5478,5,12,2014-07-31,2014
5479,5,12,2014-08-31,1845
5480,5,12,2014-09-30,1539
5481,5,12,2014-10-31,1496
5482,5,12,2014-11-30,1632
5483,5,12,2014-12-31,1167
5484,5,12,2015-01-31,1139
5485,5,12,2015-02-28,1142
5486,5,12,2015-03-31,1468
5487,5,12,2015-04-30,1655
5488,5,12,2015-05-31,1925
5489,5,12,2015-06-30,1867
5490,5,12,2015-07-31,2038
5491,5,12,2015-08-31,1861
5492,5,12,2015-09-30,1615
5493,5,12,2015-10-31,1613
5494,5,12,2015-11-30,1630
5495,5,12,2015-12-31,1257
5496,5,12,2016-01-31,1207
5497,5,12,2016-02-29,1351
5498,5,12,2016-03-31,1558
5499,5,12,2016-04-30,1916
5500,5,12,2016-05-31,2009
5501,5,12,2016-06-30,2011
5502,5,12,2016-07-31,2368
5503,5,12,2016-08-31,1953
5504,5,12,2016-09-30,1828
5505,5,12,2016-10-31,1821
5506,5,12,2016-11-30,1918
5507,5,12,2016-12-31,1349
5508,5,12,2017-01-31,1211
5509,5,12,2017-02-28,1228
5510,5,12,2017-03-31,1654
5511,5,12,2017-04-30,1970
5512,5,12,2017-05-31,2110
5513,5,12,2017-06-30,2077
5514,5,12,2017-07-31,2414
5515,5,12,2017-08-31,2101
5516,5,12,2017-09-30,1787
5517,5,12,2017-10-31,1803
5518,5,12,2017-11-30,1934
5519,5,12,2017-12-31,1352
5520,5,13,2013-01-31,1175
5521,5,13,2013-02-28,1154
5522,5,13,2013-03-31,1525
5523,5,13,2013-04-30,1612
5524,5,13,2013-05-31,1845
5525,5,13,2013-06-30,1990
5526,5,13,2013-07-31,2149
5527,5,13,2013-08-31,1925
5528,5,13,2013-09-30,1710
5529,5,13,2013-10-31,1668
5530,5,13,2013-11-30,1691
5531,5,13,2013-12-31,1277
5532,5,13,2014-01-31,1334
5533,5,13,2014-02-28,1277
5534,5,13,2014-03-31,1733
5535,5,13,2014-04-30,1939
5536,5,13,2014-05-31,2087
5537,5,13,2014-06-30,2185
5538,5,13,2014-07-31,2472
5539,5,13,2014-08-31,2144
5540,5,13,2014-09-30,1935
5541,5,13,2014-10-31,1833
5542,5,13,2014-11-30,1963
5543,5,13,2014-12-31,1449
5544,5,13,2015-01-31,1363
5545,5,13,2015-02-28,1333
5546,5,13,2015-03-31,1778
5547,5,13,2015-04-30,1962
5548,5,13,2015-05-31,2295
5549,5,13,2015-06-30,2320
5550,5,13,2015-07-31,2616
5551,5,13,2015-08-31,2243
5552,5,13,2015-09-30,2044
5553,5,13,2015-10-31,1985
5554,5,13,2015-11-30,2132
5555,5,13,2015-12-31,1472
5556,5,13,2016-01-31,1512
5557,5,13,2016-02-29,1570
5558,5,13,2016-03-31,1917
5559,5,13,2016-04-30,2219
5560,5,13,2016-05-31,2499
5561,5,13,2016-06-30,2564
5562,5,13,2016-07-31,2715
5563,5,13,2016-08-31,2408
5564,5,13,2016-09-30,2193
5565,5,13,2016-10-31,2143
5566,5,13,2016-11-30,2228
5567,5,13,2016-12-31,1614
5568,5,13,2017-01-31,1494
5569,5,13,2017-02-28,1492
5570,5,13,2017-03-31,2098
5571,5,13,2017-04-30,2295
5572,5,13,2017-05-31,2579
5573,5,13,2017-06-30,2614
5574,5,13,2017-07-31,2849
5575,5,13,2017-08-31,2506
5576,5,13,2017-09-30,2237
5577,5,13,2017-10-31,2241
5578,5,13,2017-11-30,2319
5579,5,13,2017-12-31,1666
5580,5,14,2013-01-31,770
5581,5,14,2013-02-28,783
5582,5,14,2013-03-31,996
5583,5,14,2013-04-30,1203
5584,5,14,2013-05-31,1308
5585,5,14,2013-06-30,1408
5586,5,14,2013-07-31,1454
5587,5,14,2013-08-31,1367
5588,5,14,2013-09-30,1172
5589,5,14,2013-10-31,1192
5590,5,14,2013-11-30,1225
5591,5,14,2013-12-31,854
5592,5,14,2014-01-31,877
5593,5,14,2014-02-28,896
5594,5,14,2014-03-31,1190
5595,5,14,2014-04-30,1361
5596,5,14,2014-05-31,1606
5597,5,14,2014-06-30,1556
5598,5,14,2014-07-31,1717
5599,5,14,2014-08-31,1449
5600,5,14,2014-09-30,1372
5601,5,14,2014-10-31,1346
5602,5,14,2014-11-30,1385
5603,5,14,2014-12-31,948
5604,5,14,2015-01-31,989
5605,5,14,2015-02-28,1000
5606,5,14,2015-03-31,1226
5607,5,14,2015-04-30,1501
5608,5,14,2015-05-31,1581
5609,5,14,2015-06-30,1565
5610,5,14,2015-07-31,1770
5611,5,14,2015-08-31,1540
5612,5,14,2015-09-30,1336
5613,5,14,2015-10-31,1332
5614,5,14,2015-11-30,1460
5615,5,14,2015-12-31,1013
5616,5,14,2016-01-31,1039
5617,5,14,2016-02-29,1040
5618,5,14,2016-03-31,1463
5619,5,14,2016-04-30,1624
5620,5,14,2016-05-31,1662
5621,5,14,2016-06-30,1784
5622,5,14,2016-07-31,1972
5623,5,14,2016-08-31,1718
5624,5,14,2016-09-30,1526
5625,5,14,2016-10-31,1479
5626,5,14,2016-11-30,1493
5627,5,14,2016-12-31,1130
5628,5,14,2017-01-31,1083
5629,5,14,2017-02-28,1103
5630,5,14,2017-03-31,1400
5631,5,14,2017-04-30,1659
5632,5,14,2017-05-31,1715
5633,5,14,2017-06-30,1835
5634,5,14,2017-07-31,1931
5635,5,14,2017-08-31,1656
5636,5,14,2017-09-30,1634
5637,5,14,2017-10-31,1518
5638,5,14,2017-11-30,1593
5639,5,14,2017-12-31,1205
5640,5,15,2013-01-31,1135
5641,5,15,2013-02-28,1153
5642,5,15,2013-03-31,1597
5643,5,15,2013-04-30,1790
5644,5,15,2013-05-31,1952
5645,5,15,2013-06-30,2118
5646,5,15,2013-07-31,2230
5647,5,15,2013-08-31,1932
5648,5,15,2013-09-30,1801
5649,5,15,2013-10-31,1639
5650,5,15,2013-11-30,1791
5651,5,15,2013-12-31,1281
5652,5,15,2014-01-31,1435
5653,5,15,2014-02-28,1344
5654,5,15,2014-03-31,1781
5655,5,15,2014-04-30,2134
5656,5,15,2014-05-31,2327
5657,5,15,2014-06-30,2291
5658,5,15,2014-07-31,2539
5659,5,15,2014-08-31,2392
5660,5,15,2014-09-30,2038
5661,5,15,2014-10-31,1994
5662,5,15,2014-11-30,2077
5663,5,15,2014-12-31,1433
5664,5,15,2015-01-31,1459
5665,5,15,2015-02-28,1358
5666,5,15,2015-03-31,1821
5667,5,15,2015-04-30,2051
5668,5,15,2015-05-31,2457
5669,5,15,2015-06-30,2419
5670,5,15,2015-07-31,2576
5671,5,15,2015-08-31,2274
5672,5,15,2015-09-30,2094
5673,5,15,2015-10-31,2020
5674,5,15,2015-11-30,2121
5675,5,15,2015-12-31,1543
5676,5,15,2016-01-31,1564
5677,5,15,2016-02-29,1556
5678,5,15,2016-03-31,2064
5679,5,15,2016-04-30,2299
5680,5,15,2016-05-31,2571
5681,5,15,2016-06-30,2624
5682,5,15,2016-07-31,2838
5683,5,15,2016-08-31,2454
5684,5,15,2016-09-30,2306
5685,5,15,2016-10-31,2226
5686,5,15,2016-11-30,2297
5687,5,15,2016-12-31,1657
5688,5,15,2017-01-31,1614
5689,5,15,2017-02-28,1521
5690,5,15,2017-03-31,2036
5691,5,15,2017-04-30,2482
5692,5,15,2017-05-31,2659
5693,5,15,2017-06-30,2726
5694,5,15,2017-07-31,2962
5695,5,15,2017-08-31,2624
5696,5,15,2017-09-30,2365
5697,5,15,2017-10-31,2265
5698,5,15,2017-11-30,2360
5699,5,15,2017-12-31,1852
5700,5,16,2013-01-31,364
5701,5,16,2013-02-28,361
5702,5,16,2013-03-31,469
5703,5,16,2013-04-30,499
5704,5,16,2013-05-31,548
5705,5,16,2013-06-30,551
5706,5,16,2013-07-31,679
5707,5,16,2013-08-31,551
5708,5,16,2013-09-30,527
5709,5,16,2013-10-31,507
5710,5,16,2013-11-30,505
5711,5,16,2013-12-31,353
5712,5,16,2014-01-31,396
5713,5,16,2014-02-28,413
5714,5,16,2014-03-31,559
5715,5,16,2014-04-30,605
5716,5,16,2014-05-31,671
5717,5,16,2014-06-30,652
5718,5,16,2014-07-31,706
5719,5,16,2014-08-31,671
5720,5,16,2014-09-30,567
5721,5,16,2014-10-31,506
5722,5,16,2014-11-30,563
5723,5,16,2014-12-31,449
5724,5,16,2015-01-31,430
5725,5,16,2015-02-28,393
5726,5,16,2015-03-31,548
5727,5,16,2015-04-30,620
5728,5,16,2015-05-31,662
5729,5,16,2015-06-30,674
5730,5,16,2015-07-31,777
5731,5,16,2015-08-31,705
5732,5,16,2015-09-30,598
5733,5,16,2015-10-31,636
5734,5,16,2015-11-30,615
5735,5,16,2015-12-31,437
5736,5,16,2016-01-31,430
5737,5,16,2016-02-29,484
5738,5,16,2016-03-31,623
5739,5,16,2016-04-30,688
5740,5,16,2016-05-31,728
5741,5,16,2016-06-30,776
5742,5,16,2016-07-31,853
5743,5,16,2016-08-31,684
5744,5,16,2016-09-30,634
5745,5,16,2016-10-31,653
5746,5,16,2016-11-30,681
5747,5,16,2016-12-31,492
5748,5,16,2017-01-31,448
5749,5,16,2017-02-28,446
5750,5,16,2017-03-31,587
5751,5,16,2017-04-30,660
5752,5,16,2017-05-31,800
5753,5,16,2017-06-30,744
5754,5,16,2017-07-31,878
5755,5,16,2017-08-31,774
5756,5,16,2017-09-30,712
5757,5,16,2017-10-31,670
5758,5,16,2017-11-30,694
5759,5,16,2017-12-31,499
5760,5,17,2013-01-31,435
5761,5,17,2013-02-28,461
5762,5,17,2013-03-31,591
5763,5,17,2013-04-30,609
5764,5,17,2013-05-31,732
5765,5,17,2013-06-30,772
5766,5,17,2013-07-31,830
5767,5,17,2013-08-31,730
5768,5,17,2013-09-30,659
5769,5,17,2013-10-31,639
5770,5,17,2013-11-30,703
5771,5,17,2013-12-31,514
5772,5,17,2014-01-31,491
5773,5,17,2014-02-28,458
5774,5,17,2014-03-31,717
5775,5,17,2014-04-30,749
5776,5,17,2014-05-31,871
5777,5,17,2014-06-30,857
5778,5,17,2014-07-31,923
5779,5,17,2014-08-31,855
5780,5,17,2014-09-30,721
5781,5,17,2014-10-31,706
5782,5,17,2014-11-30,747
5783,5,17,2014-12-31,549
5784,5,17,2015-01-31,528
5785,5,17,2015-02-28,544
5786,5,17,2015-03-31,718
5787,5,17,2015-04-30,775
5788,5,17,2015-05-31,886
5789,5,17,2015-06-30,842
5790,5,17,2015-07-31,975
5791,5,17,2015-08-31,878
5792,5,17,2015-09-30,767
5793,5,17,2015-10-31,749
5794,5,17,2015-11-30,755
5795,5,17,2015-12-31,592
5796,5,17,2016-01-31,561
5797,5,17,2016-02-29,570
5798,5,17,2016-03-31,772
5799,5,17,2016-04-30,954
5800,5,17,2016-05-31,946
5801,5,17,2016-06-30,1048
5802,5,17,2016-07-31,1119
5803,5,17,2016-08-31,939
5804,5,17,2016-09-30,844
5805,5,17,2016-10-31,873
5806,5,17,2016-11-30,862
5807,5,17,2016-12-31,608
5808,5,17,2017-01-31,592
5809,5,17,2017-02-28,544
5810,5,17,2017-03-31,777
5811,5,17,2017-04-30,900
5812,5,17,2017-05-31,1005
5813,5,17,2017-06-30,1047
5814,5,17,2017-07-31,1126
5815,5,17,2017-08-31,1024
5816,5,17,2017-09-30,880
5817,5,17,2017-10-31,902
5818,5,17,2017-11-30,902
5819,5,17,2017-12-31,650
5820,5,18,2013-01-31,1104
5821,5,18,2013-02-28,1130
5822,5,18,2013-03-31,1577
5823,5,18,2013-04-30,1697
5824,5,18,2013-05-31,1893
5825,5,18,2013-06-30,1992
5826,5,18,2013-07-31,2070
5827,5,18,2013-08-31,1911
5828,5,18,2013-09-30,1652
5829,5,18,2013-10-31,1578
5830,5,18,2013-11-30,1808
5831,5,18,2013-12-31,1259
5832,5,18,2014-01-31,1302
5833,5,18,2014-02-28,1321
5834,5,18,2014-03-31,1702
5835,5,18,2014-04-30,1896
5836,5,18,2014-05-31,2154
5837,5,18,2014-06-30,2257
5838,5,18,2014-07-31,2478
5839,5,18,2014-08-31,2157
5840,5,18,2014-09-30,1920
5841,5,18,2014-10-31,1830
5842,5,18,2014-11-30,1930
5843,5,18,2014-12-31,1432
5844,5,18,2015-01-31,1317
5845,5,18,2015-02-28,1385
5846,5,18,2015-03-31,1796
5847,5,18,2015-04-30,1965
5848,5,18,2015-05-31,2352
5849,5,18,2015-06-30,2290
5850,5,18,2015-07-31,2542
5851,5,18,2015-08-31,2185
5852,5,18,2015-09-30,2032
5853,5,18,2015-10-31,1906
5854,5,18,2015-11-30,1992
5855,5,18,2015-12-31,1505
5856,5,18,2016-01-31,1480
5857,5,18,2016-02-29,1516
5858,5,18,2016-03-31,1944
5859,5,18,2016-04-30,2114
5860,5,18,2016-05-31,2349
5861,5,18,2016-06-30,2596
5862,5,18,2016-07-31,2785
5863,5,18,2016-08-31,2363
5864,5,18,2016-09-30,2182
5865,5,18,2016-10-31,2165
5866,5,18,2016-11-30,2189
5867,5,18,2016-12-31,1598
5868,5,18,2017-01-31,1525
5869,5,18,2017-02-28,1548
5870,5,18,2017-03-31,2013
5871,5,18,2017-04-30,2261
5872,5,18,2017-05-31,2489
5873,5,18,2017-06-30,2689
5874,5,18,2017-07-31,2867
5875,5,18,2017-08-31,2525
5876,5,18,2017-09-30,2322
5877,5,18,2017-10-31,2163
5878,5,18,2017-11-30,2220
5879,5,18,2017-12-31,1791
5880,5,19,2013-01-31,523
5881,5,19,2013-02-28,511
5882,5,19,2013-03-31,694
5883,5,19,2013-04-30,802
5884,5,19,2013-05-31,864
5885,5,19,2013-06-30,959
5886,5,19,2013-07-31,1008
5887,5,19,2013-08-31,903
5888,5,19,2013-09-30,862
5889,5,19,2013-10-31,740
5890,5,19,2013-11-30,795
5891,5,19,2013-12-31,660
5892,5,19,2014-01-31,601
5893,5,19,2014-02-28,642
5894,5,19,2014-03-31,812
5895,5,19,2014-04-30,956
5896,5,19,2014-05-31,1076
5897,5,19,2014-06-30,1076
5898,5,19,2014-07-31,1171
5899,5,19,2014-08-31,1066
5900,5,19,2014-09-30,935
5901,5,19,2014-10-31,869
5902,5,19,2014-11-30,943
5903,5,19,2014-12-31,677
5904,5,19,2015-01-31,674
5905,5,19,2015-02-28,622
5906,5,19,2015-03-31,824
5907,5,19,2015-04-30,998
5908,5,19,2015-05-31,1074
5909,5,19,2015-06-30,1140
5910,5,19,2015-07-31,1225
5911,5,19,2015-08-31,1046
5912,5,19,2015-09-30,934
5913,5,19,2015-10-31,881
5914,5,19,2015-11-30,944
5915,5,19,2015-12-31,660
5916,5,19,2016-01-31,715
5917,5,19,2016-02-29,726
5918,5,19,2016-03-31,921
5919,5,19,2016-04-30,1038
5920,5,19,2016-05-31,1117
5921,5,19,2016-06-30,1209
5922,5,19,2016-07-31,1344
5923,5,19,2016-08-31,1105
5924,5,19,2016-09-30,1085
5925,5,19,2016-10-31,1086
5926,5,19,2016-11-30,1054
5927,5,19,2016-12-31,789
5928,5,19,2017-01-31,764
5929,5,19,2017-02-28,726
5930,5,19,2017-03-31,978
5931,5,19,2017-04-30,1097
5932,5,19,2017-05-31,1206
5933,5,19,2017-06-30,1303
5934,5,19,2017-07-31,1400
5935,5,19,2017-08-31,1210
5936,5,19,2017-09-30,1117
5937,5,19,2017-10-31,1057
5938,5,19,2017-11-30,1056
5939,5,19,2017-12-31,797
5940,5,20,2013-01-31,648
5941,5,20,2013-02-28,660
5942,5,20,2013-03-31,842
5943,5,20,2013-04-30,933
5944,5,20,2013-05-31,1071
5945,5,20,2013-06-30,1068
5946,5,20,2013-07-31,1217
5947,5,20,2013-08-31,1036
5948,5,20,2013-09-30,1001
5949,5,20,2013-10-31,918
5950,5,20,2013-11-30,967
5951,5,20,2013-12-31,759
5952,5,20,2014-01-31,736
5953,5,20,2014-02-28,756
5954,5,20,2014-03-31,970
5955,5,20,2014-04-30,1125
5956,5,20,2014-05-31,1244
5957,5,20,2014-06-30,1260
5958,5,20,2014-07-31,1437
5959,5,20,2014-08-31,1216
5960,5,20,2014-09-30,1119
5961,5,20,2014-10-31,1032
5962,5,20,2014-11-30,1104
5963,5,20,2014-12-31,782
5964,5,20,2015-01-31,715
5965,5,20,2015-02-28,726
5966,5,20,2015-03-31,1003
5967,5,20,2015-04-30,1151
5968,5,20,2015-05-31,1267
5969,5,20,2015-06-30,1337
5970,5,20,2015-07-31,1466
5971,5,20,2015-08-31,1276
5972,5,20,2015-09-30,1173
5973,5,20,2015-10-31,1165
5974,5,20,2015-11-30,1118
5975,5,20,2015-12-31,857
5976,5,20,2016-01-31,832
5977,5,20,2016-02-29,872
5978,5,20,2016-03-31,1073
5979,5,20,2016-04-30,1228
5980,5,20,2016-05-31,1420
5981,5,20,2016-06-30,1409
5982,5,20,2016-07-31,1609
5983,5,20,2016-08-31,1358
5984,5,20,2016-09-30,1310
5985,5,20,2016-10-31,1250
5986,5,20,2016-11-30,1146
5987,5,20,2016-12-31,950
5988,5,20,2017-01-31,818
5989,5,20,2017-02-28,887
5990,5,20,2017-03-31,1118
5991,5,20,2017-04-30,1289
5992,5,20,2017-05-31,1383
5993,5,20,2017-06-30,1487
5994,5,20,2017-07-31,1607
5995,5,20,2017-08-31,1404
5996,5,20,2017-09-30,1278
5997,5,20,2017-10-31,1257
5998,5,20,2017-11-30,1268
5999,5,20,2017-12-31,963
